4209 6250
269 302 327 363 ild
887 294 1013 357 SANC'l'i
1030 295 1160 357 uitabit
1179 295 1334 357 eliseum
1873 306 1928 365 alti

267 438 366 486 eorum
382 430 508 485 naturam
521 423 629 485 virtutis
642 422 778 495 odjeetaro
793 435 801 476 a
822 428 853 477 ιι
873 418 1076 477 demonstratio
1088 418 1113 481 Α
1127 432 1209 491 quam
1224 427 1254 475 ut
1265 426 1295 477 et
1306 416 1346 495 (e)
1360 427 1440 479 natus
1452 431 1525 489 esse,
1537 434 1588 480 nee
1602 428 1693 481 tamen
1704 418 1836 481 dittereus
1845 422 1928 482 doee-

269 519 329 594 ipet
342 517 490 579 natiuitatis
501 532 562 576 esse
574 516 725 575 substantia
738 516 895 584 doceretur,
910 515 954 573 oui
968 529 1017 586 per
1030 513 1074 572 di·
1125 519 1211 570 retur.

269 613 417 672 lectionem
432 609 530 675 Patris,
544 624 658 679 operum
671 618 857 681 paternorum,
873 624 935 681 oum
949 621 998 680 per
1010 623 1073 665 eum
1161 605 1209 663 el.
1225 605 1291 662 Toto
1305 606 1337 663 de
1350 604 1423 662 Filio
1442 607 1507 679 fidet
1521 608 1622 664 eruitur
1639 624 1671 665 ιι
1685 608 1816 681 predictis
1831 609 1928 671 dimoti

271 702 343 763 eliiei
358 703 450 770 vellet,
466 709 540 758 esset
553 708 670 758 eetrrrata
684 703 813 773 cognitio.
829 702 914 759 Porro
929 711 1020 759 numm
1037 717 1074 759 ne
1125 700 1217 757 uelit.
1229 732 1265 744 -
1277 701 1358 758 Pater
1372 701 1454 773 igitur
1468 717 1554 773 usque
1566 703 1649 761 modo
1658 712 1797 776 operator,
1808 716 1835 764 et
1848 708 1927 781 191

268 812 321 870 per
332 793 573 855 demonstrationis
588 794 800 865 professionem,
822 794 972 866 igonorautis
992 793 1020 850 in
1039 808 1074 850 ee
1126 790 1212 849 lilius
1225 793 1467 864 oportunitates
1480 795 1718 863 traturmnorniua,
1731 807 1832 855 contet
1847 799 1929 857 Pater

269 897 374 949 naturae
394 886 540 943 diversitas
552 887 726 954 crederetur3
740 902 772 943 ea
792 889 849 959 ipst
865 885 904 960 (o)
916 902 977 958 eorm
991 885 1075 957 proli·
1125 895 1255 955 operatur
1273 893 1301 942 et
1320 885 1400 942 lilius.
1421 886 1544 960 intellige
1562 897 1590 944 et
1607 898 1732 945 naturam
1749 890 1790 963 (d)
1807 890 1866 960 liei,
1879 906 1929 964 per

269 990 341 1039 tetur
352 977 577 1044 demonstranda.
594 993 649 1036 noo
670 979 766 1036 neseit.
780 978 873 1050 Usque
885 978 954 1034 adeo
969 992 1023 1032 noo
1038 975 1073 1033 de
1125 994 1206 1050 ortam
1229 979 1300 1036 beros
1314 988 1455 1052 operatur,
1472 990 1641 1052 operantem.
1661 981 1701 1038 rte
1721 998 1755 1040 ne
1775 983 1845 1040 torte
1859 984 1929 1042 duas

269 1074 388 1146 exempti
412 1072 575 1130 auctoritato
591 1081 718 1144 gesturus
740 1079 793 1139 est,
813 1080 841 1127 ut
864 1068 984 1126 uiritleet
1003 1081 1074 1140 quos
1126 1074 1301 1145 operationes
1314 1082 1472 1131 naturarum
1487 1074 1660 1133 dissimilium
1673 1077 1814 1134 existimes
1826 1077 1930 1136 intelli·

268 1170 344 1227 velit.
361 1168 439 1226 totle
461 1169 534 1227 euim
557 1178 662 1225 naturae
681 1168 792 1226 libertas
809 1174 863 1235 est,
877 1182 938 1240 quae
955 1166 989 1221 ad
1009 1180 1072 1238 per·
1124 1164 1244 1235 gendum
1267 1175 1405 1223 memento
1424 1166 1459 1223 de
1483 1180 1557 1224 emon
1580 1166 1683 1225 dietum
1704 1168 1787 1228 tuisse
1802 1188 1810 1225 r
1825 1170 1879 1229 Sed
1901 1181 1928 1229 ιι

267 1265 349 1324 laetae
372 1265 481 1323 virtutis
503 1263 699 1322 beatitudinem
720 1278 781 1320 eum
808 1261 912 1320 arbitrii
933 1259 1073 1317 voluntate
1125 1258 1324 1330 oroortsenener
1347 1275 1425 1332 opero
1449 1258 1499 1315 Dei
1519 1261 1546 1316 in
1566 1277 1596 1317 eo
1614 1276 1624 1321 .·
1641 1279 1683 1318 ιιι
1706 1274 1805 1335 oportet
1826 1248 1929 1339 opereri

268 1357 410 1416 subsistat.
1125 1367 1202 1424 opem
1225 1356 1283 1427 ejus
1304 1353 1349 1424 eoi
1368 1369 1409 1409 nte
1425 1353 1494 1408 arrisit
1513 1352 1603 1427 (ione.
1625 1372 1664 1423 ιι,
1683 1356 1724 1428 d).
1743 1357 1774 1414 ln
1795 1374 1829 1415 eu
1849 1374 1926 1430 erpo,

305 1451 352 1510 20.
366 1450 504 1506 ledtrirrm
522 1466 597 1506 eratne
619 1450 710 1506 delent
730 1458 851 1505 ueterem
868 1457 894 1503 et
913 1446 1073 1503 netiottotent
1124 1444 1196 1517 quod
1211 1455 1341 1516 operatur
1354 1446 1452 1514 Filius,
1465 1462 1535 1519 opus
1550 1448 1639 1505 Patris
1651 1457 1713 1506 est:
1727 1460 1754 1505 et
1769 1465 1837 1522 opus
1851 1451 1925 1522 Filii,

269 1544 372 1618 motet.
392 1543 529 1599 tedisium
546 1544 646 1611 dotum,
663 1552 691 1596 ιι
707 1542 812 1597 nonnis
825 1541 858 1597 sit
874 1539 1021 1612 epeotitos.
1035 1568 1072 1580 -
1124 1554 1194 1610 opus
1209 1538 1258 1597 [tei
1270 1548 1324 1596 est.
1344 1538 1379 1596 Et
1393 1539 1428 1598 de
1445 1539 1575 1613 operibus
1594 1557 1713 1614 sequeus
1733 1544 1822 1603 alioue
1835 1560 1927 1603 sermo

267 1638 309 1698 Ae
323 1638 512 1709 sedatorem,
528 1636 600 1709 quod
611 1650 680 1707 quos
694 1634 752 1691 nuit
766 1634 896 1702 viritem,
910 1646 964 1689 non
975 1631 1073 1689 nativi·
1124 1641 1177 1688 est.
1192 1631 1304 1688 interim
1317 1645 1390 1690 ιιιιι
1402 1632 1472 1690 nilril
1482 1634 1554 1691 aliud
1566 1634 1669 1692 studuit
1682 1637 1833 1707 responsio.
1845 1653 1927 1710 eoam

269 1731 336 1790 tatis
351 1730 490 1788 rideretur
505 1730 532 1787 in
547 1743 577 1786 se
591 1727 695 1785 habere
710 1736 831 1785 naturam
842 1769 851 1796 ‚
864 1725 912 1784 sed
931 1741 985 1783 neo
1000 1736 1072 1783 natm
1124 1734 1155 1782 ut
1168 1739 1250 1783 omne
1269 1740 1338 1798 opus
1358 1726 1474 1785 referret
1495 1726 1529 1784 ad
1548 1739 1708 1800 utrumque3
1723 1730 1760 1804 (e)
1786 1732 1927 1803 utriusque

270 1824 363 1896 potius
378 1822 521 1893 potestatis
531 1822 594 1894 jure
606 1821 771 1888 subsistere3
786 1819 916 1877 motione
929 1819 1047 1891 subjecit
1063 1837 1071 1875 ε
1087 1821 1218 1882 Baetem
1231 1830 1326 1876 natura
1337 1836 1390 1876 non
1399 1820 1521 1878 differret
1531 1821 1670 1893 operandi,
1686 1838 1747 1880 eum
1761 1825 1788 1881 in
1798 1839 1841 1893 eo,
1853 1825 1926 1898 quod

271 1914 329 1971 rte
339 1914 408 1969 eninr
419 1911 500 1969 Peter
506 1911 612 1987 joelem
621 1927 783 1984 ᾳιιιιιιιιι,
796 1912 841 1967 ted
857 1926 934 1967 omne
941 1911 1073 1986 judiciem
1126 1928 1212 1984 usque
1225 1913 1313 1969 adltue
1335 1913 1416 1971 Patet·
1427 1922 1566 1986 operatur,
1586 1925 1715 1987 operatur
1727 1924 1756 1974 et
1769 1916 1855 1974 Filius
1869 1936 1876 1973 ι
1891 1933 1926 1975 oe

270 2009 342 2067 dedit
356 2007 429 2065 Filio
443 2006 597 2082 (liiddil.
613 2006 648 2063 et
661 2006 690 2062 io
704 2019 748 2073 eo,
763 2003 835 2077 quod
848 2018 929 2062 omne
939 2002 1073 2076 judicium
1125 2005 1171 2077 oui
1186 2003 1313 2062 dominns
1332 2006 1437 2064 sabbati
1455 2016 1497 2064 est
1517 2006 1656 2080 (dominus
1676 2009 1799 2068 estenim
1819 2011 1926 2069 sabbati

268 2104 363 2161 datum
380 2111 434 2170 est,
458 2109 487 2158 et
511 2107 607 2158 natura
631 2108 659 2155 et
684 2098 813 2155 nativitas
835 2097 1043 2155 demonstratur
1064 2115 1072 2155 ι
1124 2097 1197 2155 tilius
1210 2097 1353 2167 beminis,
1375 2097 1441 2154 loe.
1456 2115 1495 2168 ιι,
1518 2098 1568 2173 5),
1587 2100 1669 2172 impie
1688 2102 1795 2172 operari
1811 2103 1924 2161 sabbate

270 2197 335 2270 onia
347 2205 376 2254 et
388 2195 479 2253 omnia
494 2195 595 2252 babere
614 2192 673 2251 sola
688 2201 786 2249 notura
801 2192 888 2264 possit
902 2190 1072 2261 indifferens,
1125 2189 1293 2261 crederetur,
1304 2189 1382 2263 eujus
1392 2206 1461 2263 opus
1469 2186 1676 2264 pernutiritatis
1686 2202 1813 2252 naturam
1821 2197 1926 2267 paterni

269 2303 360 2362 neque
373 2287 502 2345 nativitas
515 2284 616 2358 aliquid
631 2282 839 2356 pessumiere,
851 2283 905 2341 nisi
917 2283 1011 2341 datum
1025 2284 1071 2340 sit.
1125 2283 1153 2341 in
1166 2299 1196 2342 se
1208 2286 1298 2358 operis
1312 2295 1386 2344 esset
1402 2285 1559 2344 auotoritas.
1573 2287 1632 2346 Non
1645 2289 1821 2348 eontoodttor
1834 2292 1926 2363 itaque

270 2380 371 2438 Datum
384 2386 474 2436 autem
487 2392 569 2435 omrte
578 2375 711 2449 iudicium
724 2384 783 2444 est;
795 2373 857 2450 quia
872 2373 990 2432 viviticat
1003 2389 1074 2447 quos
1125 2385 1172 2434 aut
1185 2377 1311 2435 aboletur
1325 2386 1433 2446 natura,
1448 2394 1483 2436 ne
1496 2378 1568 2438 titios
1580 2382 1616 2437 sit
1630 2398 1637 2436 z
1650 2396 1702 2440 nee
1714 2393 1804 2440 tamen
1816 2397 1925 2441 rursum

271 2474 342 2531 uult.
356 2470 450 2545 Neque
462 2470 618 2541 ademptum
631 2468 705 2526 Patri
719 2467 851 2540 judicium
866 2474 955 2538 potest
967 2465 1073 2535 rideri,
1125 2469 1255 2529 adimitur
1274 2479 1381 2542 natura,
1396 2487 1431 2528 ne
1450 2473 1523 2531 bene
1541 2473 1586 2530 sit.
1603 2472 1659 2532 Nee
1676 2474 1869 2535 discernuntur
1885 2477 1925 2533 di·

271 2581 334 2626 oum
349 2566 409 2638 ipse
427 2578 483 2621 oon
495 2562 599 2634 iodieet
611 2582 617 2616 z
629 2561 692 2633 quia
707 2557 770 2616 Filii
780 2559 913 2632 judicium
924 2574 956 2615 ιι
969 2557 1074 2629 jndicio
1125 2563 1266 2631 oersime.
1281 2577 1316 2622 oe
1329 2579 1412 2622 orrum
1425 2565 1482 2623 sint
1494 2583 1501 2621 :
1515 2582 1603 2638 neque
1616 2567 1688 2640 quod
1704 2585 1786 2627 uouur
1800 2579 1883 2637 sunt,
1897 2570 1926 2628 id

271 2661 308 2720 eit
324 2668 456 2732 pateroo;
472 2657 507 2714 ab
521 2671 555 2715 eo
566 2657 639 2715 euim
655 2655 748 2713 datum
768 2669 851 2712 ornne
866 2653 999 2726 iudicium
1019 2663 1073 2713 est.
1127 2664 1220 2728 potest
1232 2666 1363 2728 prestare
1377 2656 1412 2731 (p)
1424 2673 1458 2716 ne
1472 2666 1586 2732 oteramo
1599 2660 1645 2719 sit.
1663 2662 1695 2719 Et
1708 2663 1826 2734 primurn
1839 2663 1926 2723 lilium

270 2752 326 2813 sed
341 2752 398 2809 dati
409 2751 503 2823 judieii
520 2765 602 2808 eausa
612 2764 666 2807 noo
679 2749 761 2805 taeita
774 2756 826 2805 est.
839 2747 969 2821 Sequitur
981 2750 1073 2806 enim:
1127 2761 1273 2819 cognosce.
1287 2763 1350 2805 eum
1360 2750 1476 2807 dieitur:
1491 2750 1553 2808 lton
1563 2762 1646 2827 poten
1656 2751 1743 2812 Filios
1755 2755 1788 2812 oi
1800 2773 1828 2812 se
1841 2761 1926 2829 soree

270 2844 327 2903 Sed
341 2843 472 2920 jedieittot
483 2859 557 2899 omne
570 2840 640 2898 dedit
652 2840 739 2906 Filio.
755 2851 784 2897 ut
796 2857 884 2898 eornet
905 2840 1075 2912 benedicent
1126 2839 1277 2911 outremer,
1293 2841 1343 2897 niti
1354 2843 1423 2913 eneti
1442 2843 1534 2899 uiderit
1558 2843 1665 2903 Petroni
1682 2849 1819 2920 [orientem
1831 2848 1924 2925 (loeo.

271 2938 387 3006 filium,
397 2937 464 2994 ticon
473 2935 646 3006 honorificent
656 2931 771 2990 Patrem.
790 2933 840 3001 pet
854 2949 906 2989 uon
919 2932 1075 3003 iotaerifioot
1126 2949 1154 3001 ι,
1169 2933 1226 3005 la).
1241 2933 1331 2993 Habes
1342 2936 1511 2994 nativitatem
1526 2937 1585 3007 ulit,
1599 2955 1660 3011 oute
1672 2944 1707 2998 ab
1721 2956 1751 2999 se
1761 2942 1829 3000 niitil
1840 2945 1926 3015 possit

270 3024 1073 3099 Filium,oonhonoripeotPotreorpaintisitiltontlliid.‚dd).
1127 3025 1228 3094 locere,
1244 3027 1295 3084 nisi
1309 3028 1409 3086 uideat.
1425 3030 1454 3085 in
1469 3044 1503 3088 ιο
1515 3041 1617 3100 autent,
1632 3033 1706 3104 qued
1719 3034 1754 3091 ab
1764 3050 1795 3093 ee
1805 3037 1872 3092 nituit
1882 3051 1926 3109 po·

272 3124 341 3196 Quid
349 3121 489 3198 (lligiton
496 3119 714 3190 oro‚derelietunt
725 3117 946 3189 eatsuspieionis,
954 3127 1000 3175 aut
1009 3117 1075 3190 quid
1126 3127 1190 3188 test,
1205 3119 1424 3179 innascibilitatis
1437 3124 1532 3182 adimit
1546 3140 1686 3195 errorem
1701 3128 1736 3185 ab
1745 3143 1776 3185 se
1786 3128 1859 3187 enirn
1870 3144 1925 3188 uon

269 3217 403 3290 reliquum
411 3224 455 3273 est
464 3214 671 3284 adinrpietatent
679 3211 843 3272 oeensiooist
854 3211 989 3267 Peterson
995 3212 1072 3286 judi·
1086 3218 1109 3282 c
1126 3222 1215 3285 potest
1226 3228 1306 3286 posse
1319 3216 1445 3274 nativitas
1456 3235 1463 3272 ε
1475 3219 1546 3290 quod
1558 3229 1649 3277 autern
1663 3222 1747 3292 uidet,
1758 3225 1797 3297 (p)
1807 3226 1925 3283 eoeseim

270 3322 312 3369 eet
318 3309 533 3384 eemreneemrd
540 3324 615 3365 omne
618 3307 748 3382 indidem
754 3304 823 3361 dedit
831 3303 1073 3362 litimlodieiiau·
1125 3307 1154 3363 iu
1166 3323 1197 3364 se
1207 3318 1310 3366 naturae
1320 3311 1489 3382 significetur
1498 3316 1613 3387 aperitio.
1625 3316 1660 3373 Et
1670 3319 1697 3375 in
1708 3334 1742 3376 eo
1752 3337 1824 3379 ttooe
1833 3337 1925 3381 verant

271 3412 327 3462 ιιιο
349 3404 405 3460 dati
417 3418 450 3461 ea
467 3417 548 3459 eausa
563 3411 614 3465 est,
630 3412 659 3456 ut
670 3398 755 3456 Filius
768 3401 898 3470 exmpuati
913 3398 1024 3455 nonoris
1039 3398 1074 3454 ad
1125 3399 1175 3457 liei
1192 3415 1328 3474 eogtrosco
1349 3413 1473 3462 naturam
1490 3425 1498 3463 ε
1514 3407 1687 3479 Quocumque
1705 3414 1772 3468 enim
1790 3415 1835 3471 itte
1850 3417 1924 3489 poet,

269 3495 378 3554 Patrem
391 3495 437 3563 sit,
451 3503 479 3552 et
490 3494 685 3552 iouonoriious
697 3492 765 3550 Filio
778 3491 973 3551 initonooiliens
983 3504 1010 3552 ιι
1023 3495 1074 3552 Pa·
1125 3493 1214 3550 eodem
1231 3505 1256 3551 ιι
1269 3491 1357 3553 Fitiea
1372 3499 1435 3571 tecit
1453 3500 1572 3557 sierititer
1585 3498 1722 3576 (ididem).
1736 3503 1775 3580 (le)
1792 3506 1858 3565 Post
1876 3523 1949 3566 ne„

270 3588 306 3646 tri
325 3587 374 3644 sit.
393 3588 427 3644 lit
439 3585 577 3659 quomodo
595 3594 658 3666 post
672 3584 731 3643 bere
745 3585 905 3658 intelligitur
924 3586 1074 3644 nativitatis
1126 3596 1194 3645 turae
1213 3596 1305 3647 autem
1324 3591 1464 3661 uirtutem,
1481 3604 1586 3652 naturae
1605 3598 1692 3668 perid
1705 3599 1871 3659 indissimilis
1884 3602 1927 3659 ἰι·

270 3679 383 3739 differre
392 3691 499 3749 natura,
514 3693 595 3752 quam
609 3694 663 3734 nou
677 3677 766 3734 solum
777 3677 815 3751 ti)
826 3678 959 3749 operatio,
973 3680 1070 3749 virtus,
1126 3682 1219 3755 tetlipe
1231 3683 1363 3741 unitatem
1379 3701 1386 3739 :
1402 3683 1438 3743 iit
1449 3702 1537 3746 omres
1550 3689 1720 3762 leonorificeet
1738 3691 1925 3760 Filomelam

269 3774 370 3844 bonor,
393 3774 443 3831 sed
466 3774 549 3830 etiam
566 3771 734 3829 contumelia
757 3772 849 3842 negati
870 3770 983 3828 iteuoris
1000 3786 1073 3829 etm-
1127 3776 1415 3847 bonorificenti’etrem
1425 3783 1470 3853 pei
1483 3785 1553 3842 arisit
1567 3785 1642 3842 litero
1655 3785 1752 3862 (lite,
1767 3789 1827 3863 ιδ).
1839 3790 1878 3848 Ae
1890 3804 1926 3848 oe

269 3867 357 3941 quati
369 3866 443 3925 Nitril
455 3865 540 3939 igitur
554 3865 639 3928 aliud.
654 3879 735 3937 quant
750 3874 951 3921 sacramentum
967 3863 1074 3922 natiri-
1126 3875 1154 3926 te
1166 3877 1270 3926 naturae
1281 3871 1373 3928 unitas
1384 3873 1412 3930 in
1427 3875 1542 3933 solitarii
1552 3879 1652 3936 unione
1665 3879 1819 3951 conducam
1834 3898 1926 3940 soen.

271 3961 346 4027 tado,
358 3974 449 4018 sermo
457 3973 530 4017 otone
539 3958 639 4015 divione
646 3956 834 4029 responsionis
844 3956 972 4014 ostendit.
980 3955 1074 4030 Neque
1127 3971 1248 4019 mentum
1259 3963 1286 4020 in
1295 3977 1329 4021 eo
1340 3964 1403 4022 {idei
1414 3966 1488 4026 disee
1502 3986 1509 4023 :
1522 3969 1575 4038 Qui
1588 3987 1639 4027 uon
1649 3972 1802 4045 troeoripieet
1813 3973 1923 4046 Filiam,

271 4052 352 4113 aliter
376 4053 464 4125 potuit
487 4063 534 4110 aut
560 4051 657 4110 debuit
676 4049 799 4109 Filiusa
821 4050 903 4109 Patre
924 4050 1072 4124 distingui,
1127 4070 1180 4111 ιιι
1194 4054 1349 4129 torennae
1365 4056 1523 4134 Petreurpei
1537 4063 1689 4121 nrisitr’ltuor
1703 4064 1839 4143 illidens).
1853 4067 1925 4127 cen.

308 4211 349 4286 (l)
366 4212 448 4269 Deest
462 4209 552 4284 ipitttr.
573 4207 658 4266 Paulo
670 4215 743 4281 pust,
757 4212 802 4263 net
812 4206 876 4279 quid
887 4207 1017 4275 relictoue·
1036 4222 1070 4267 ae
1083 4207 1193 4279 deinde,
1212 4211 1292 4272 Peter
1313 4233 1366 4274 reon
1378 4218 1490 4290 indicet,
1510 4229 1535 4278 et
1553 4224 1763 4296 mnnejndt'eittnt
1775 4226 1845 4284 dedit
1856 4229 1922 4301 pilio.

268 4351 279 4362 μ

306 4348 334 4420 (e
360 4346 390 4403 lo
403 4360 470 4402 mss.
485 4344 665 4412 craumers.
679 4353 708 4400 et
721 4344 859 4401 nonnullis
870 4344 942 4410 aliis,
956 4362 1075 4420 petenen
1128 4360 1196 4409 turn.
1210 4353 1316 4428 Quippe
1335 4359 1383 4417 lib.
1395 4360 1429 4418 de
1442 4362 1545 4436 Synod.
1558 4380 1585 4421 n.
1599 4366 1644 4433 75,
1659 4365 1774 4439 legimus
1790 4388 1835 4437 per
1852 4372 1923 4427 sinti·

268 4434 318 4493 pro
341 4428 418 4474 ιιιιι.
443 4416 503 4473 lios
529 4417 555 4473 io
584 4416 733 4473 vetustiore
754 4414 834 4473 Ctrlb.
861 4433 994 4490 peteres,
1019 4434 1074 4476 non
1126 4423 1261 4482 titudinem
1273 4446 1326 4485 noe
1335 4431 1507 4501 indifferentis
1516 4438 1640 4499 mentio.
1656 4455 1704 4509 pro
1719 4443 1925 4512 paenitendi·

268 4500 397 4563 putores.
412 4487 491 4557 erod
506 4487 551 4546 itio
565 4488 666 4545 dieitur
678 4486 787 4571 :deque
800 4488 864 4544 odeo
878 4505 929 4544 non
943 4489 976 4544 de
987 4506 1073 4573 ιιιιι·
1126 4510 1186 4551 nem
1199 4513 1251 4553 non
1262 4499 1405 4567 differentis
1418 4509 1546 4564 essentie.
1561 4508 1621 4564 Alia
1634 4509 1790 4582 bujosutndi
1799 4515 1924 4588 exempla

267 4561 307 4635 pti
318 4560 472 4617 oaetoritete
480 4571 599 4633 perterret
611 4569 658 4623 est.
670 4559 779 4616 tndetnr
790 4575 909 4631 ptrpnare
921 4575 981 4614 cunr
992 4559 1072 4616 dretrs
1125 4564 1152 4621 in
1168 4570 1264 4626 eodem
1279 4571 1349 4627 libro
1363 4581 1392 4628 et
1404 4575 1468 4632 aiibi
1482 4580 1602 4650 reperire
1617 4590 1669 4638 est.

269 4648 345 4688 arunt.
367 4633 412 4699 l'l,
428 4632 472 4688 ubi
495 4630 581 4688 Filius
593 4632 726 4687 asseritur
739 4646 772 4685 ee
787 4632 942 4686 anctoritate
960 4631 1072 4700 exempli
1161 4662 1201 4733 (ὁ)
1220 4663 1391 4721 Desjdmwr
1404 4666 1454 4724 Μ
1475 4670 1501 4725 5„
1522 4686 1572 4728 ms·
1587 4672 1648 4729 val·
1667 4674 1727 4734 bas·
1742 4676 1782 4733 Ex
1800 4680 1923 4739 subnexo

266 4703 515 4841 anmpfflua'ssecffitl
531 4700 1071 4839 {ligim-niuimuiffififfgnffifflg
1083 4763 1110 4825 D
1124 4728 1273 4803 Scriptura}
1288 4736 1350 4792 loeo
1363 4738 1463 4808 pendet
1477 4740 1555 4812 itujus
1575 4747 1770 4816 propositionis
1785 4752 1921 4821 protetio.

267 4846 391 4916 genitore
412 4845 544 4914 originem
569 4853 658 4907 bonet·
682 4842 726 4897 hic
748 4856 813 4896 wo
835 4840 936 4896 subdiu
959 4843 1070 4899 dompno
1159 4827 1194 4898 (el
1209 4826 1387 4914 bertinianus
1401 4848 1455 4889 ms.
1469 4835 1603 4906 ιιιὶιιιιιιι
1617 4840 1686 4894 enirn
1699 4851 1791 4898 ιιιιιιι
1806 4860 1858 4900 ιιι
1869 4845 1923 4915 dii·

267 4915 416 4974 exhibitam
440 4913 611 4970 servitutem.
638 4911 787 4983 Utrumque
808 4910 875 4966 illud
897 4910 986 4967 eidem
1009 4912 1070 4969 100⁰
1122 4895 1201 4977 [erret
1214 4914 1302 4969 opere.
1319 4900 1394 4973 Ltps.
1407 4917 1435 4959 ιι
1451 4905 1512 4963 Ριι.
1527 4909 1660 4978 eamusque
1677 4911 1744 4967 eninr
1764 4927 1922 4973 steterentin

266 4986 436 5057 respondens
458 4989 497 5039 dn
516 4984 623 5039 ustirrns
642 4992 740 5040 οιιιιι
756 4983 846 5039 berno.
869 4982 961 5037 arian.
982 4996 1008 5038 ο.
1021 4984 1069 5051 25,
1122 4967 1209 5037 daffet
1222 4975 1364 5042 operando.
1379 4974 1499 5034 Verbum
1513 4977 1629 5048 differret
1642 4983 1770 5055 regitura
1784 4986 1922 5057 particulis

267 5058 461 5129 siresptieat:
510 5071 539 5110 ee
557 5050 644 5110 l’tnor
661 5071 719 5110 ose
737 5063 819 5126 potest
838 5053 989 5125 antidonem.
1010 5056 1071 5121 attio
1121 5054 1200 5110 ‘imm
1212 5053 1249 5097 ¹⁴⁸·

268 5145 315 5185 nee
326 5129 382 5199 ipse
395 5145 412 5182 o
423 5127 571 5199 senteripto,
585 5141 638 5182 non
650 5127 721 5198 qnod
737 5122 896 5181 ineuntibus
909 5135 1001 5184 ιιιιιι
1016 5125 1072 5183 Ρο·
1160 5134 1195 5209 (l)
1208 5134 1236 5192 ld
1251 5146 1304 5207 est,
1320 5155 1355 5197 oe
1368 5150 1481 5216 uterque
1495 5146 1636 5216 proprium
1649 5149 1799 5208 exsistendi
1812 5151 1922 5212 modum

147 5249 154 5256 .
268 5201 317 5255 arta
331 5208 467 5270 eetpxtet.
1125 5201 1224 5264 babeat
1237 5210 1272 5266 ab
1285 5210 1374 5270 altero
1387 5213 1553 5274 distinctum.

301 5289 340 5364 (i)
353 5289 590 5376 liertitriantttmt·
607 5290 722 5359 operer
736 5290 847 5371 Wlffl-
863 5288 924 5346 Vil-
937 5288 995 5347 ΙΝ·
1007 5305 1071 5362 ⁰l’0·
1160 5297 1210 5383 (p).
1222 5301 1299 5371 Apud
1323 5304 1388 5361 lind.
1416 5309 1584 5366 eorucientio.
1608 5310 1687 5386 apuu
1712 5313 1786 5387 Lips.
1811 5326 1839 5375 et
1859 5317 1921 5377 Par.

264 5373 330 5417 rete
342 5372 442 5417 uertens
452 5362 559 5419 tenor:
576 5362 743 5435 perturbate.
760 5360 846 5417 Frlrus
858 5358 932 5415 Patri
943 5375 1072 5432 exsequa-
1123 5383 1236 5425 conseo.
1258 5373 1287 5429 ln
1306 5390 1358 5432 ros.
1381 5375 1463 5434 Carrr.
1485 5383 1656 5440 consecutio.
1673 5385 1770 5444 ileritrs
1791 5388 1838 5446 Er.
1859 5406 1921 5448 cum

263 5432 491 5516 erepentium,
508 5435 572 5490 duro
587 5433 683 5489 endem
696 5432 836 5517 lac-iteam
849 5432 946 5498 Pelori
959 5430 1069 5501 villule,
1126 5441 1263 5512 plerisque
1277 5460 1343 5502 mss.
1363 5451 1482 5508 enorme.
1501 5451 1546 5510 Sis
1567 5469 1643 5520 ιιοι,
1663 5459 1773 5515 conscie
1789 5463 1921 5535 potestatis

266 5502 331 5559 dum
348 5515 395 5567 ιιι.
412 5505 545 5572 deputer,
562 5519 630 5577 quos
642 5506 700 5559 vult
714 5503 852 5572 vtttiicat3
869 5502 991 5572 honore,
1006 5502 1072 5560 dutn
1125 5511 1344 5581 horrearium
1357 5520 1526 5593 iniriouojus
1539 5524 1921 5603 tibri‚cenaeier'ufirrnitotis:

267 5575 304 5631 ab
316 5576 443 5632 omnibus
456 5588 498 5633 est
512 5574 746 5635 tooorttosodus.
1124 5582 1233 5640 dentum
1250 5588 1277 5642 in
1290 5587 1472 5661 esatsoxno,
1489 5612 1516 5650 o.
1534 5594 1577 5663 li,
1593 5600 1743 5656 roetelein
1757 5619 1785 5657 se
1796 5604 1899 5660 soletis.

303 5670 341 5742 (e)
355 5669 438 5737 editi.
458 5683 535 5729 ιιιιι
555 5682 630 5730 esset.
650 5674 685 5727 at
702 5672 729 5728 in
750 5671 889 5745 plerisque
910 5686 978 5729 mss.
993 5681 1070 5729 oeteo
1160 5676 1201 5749 (tr)
1216 5677 1299 5750 editi,
1317 5697 1481 5751 perstetere.
1502 5686 1613 5746 Rectius
1634 5708 1700 5750 mss.
1720 5705 1789 5767 post,
1810 5699 1919 5770 supple.

221 5797 222 5800 ,
265 5757 328 5823 repe.
346 5742 447 5836 lieinde
459 5743 487 5816 in
502 5743 645 5816 ottonibus,¹
659 5758 705 5812 ιι
718 5755 808 5825 Ιιιιιιιι
821 5741 978 5827 indifferent
989 5760 999 5798 .·
1012 5742 1070 5827 ior·
1120 5747 1176 5831 ipat
1196 5755 1335 5826 sepultam,
1357 5759 1482 5830 pratitae
1499 5760 1559 5822 acii.
1581 5761 1643 5822 loeo
1661 5781 1668 5822 :
1684 5765 1858 5841 Omnesque
1878 5771 1920 5842 [ρ.

266 5822 337 5870 ntau
351 5812 483 5872 sincerius
499 5829 546 5885 per
559 5809 749 5871 itellentsmurn
764 5814 866 5873 lltlorto
881 5827 937 5872 non
953 5826 1069 5875 ιιιιιιιιι-
1119 5828 1164 5894 et,
1177 5831 1231 5881 ete.
