4209 6250
323 392 377 450 aar
867 413 872 426 -
919 386 1041 446 sauerr
1063 387 1190 447 tttutnu
1209 386 1365 449 ειιεεοιι
1920 377 1974 451 aaa

322 507 403 576 tirit;
429 507 480 564 nisi
493 506 610 573 audiam,
632 504 682 572 Qui
693 504 783 561 biberit
796 505 828 561 de
838 519 914 577 aqna,
926 522 1002 578 qnurn
1017 521 1064 577 eqo
1077 507 1121 560 tie·
1134 508 1161 571 A
1175 505 1358 564 Praedicantcs
1371 505 1473 578 itaque,
1488 506 1599 562 Fratres
1613 504 1777 572 charissimi,
1794 504 1911 562 similem
1926 505 1974 561 Fi·

322 604 444 671 deroei,
474 618 525 657 non
538 602 606 657 sitiet
625 601 652 654 in
667 610 790 657 eternum
804 599 896 672 (ioan.
913 616 956 670 tv,
985 601 1041 670 ist.
1064 600 1123 657 Non
1176 599 1241 655 lium
1269 599 1296 655 itt
1321 600 1447 656 omnibus
1458 598 1542 668 Patri,
1570 599 1635 655 nihil
1657 598 1729 655 aliud
1747 615 1826 669 quam
1840 600 1972 670 aequalem

320 695 440 762 audiam,
454 693 579 750 Christus
592 707 689 764 passus
700 703 761 758 cst;
784 693 836 750 nisi
847 692 975 760 audiam,
995 691 1073 748 Narra
1086 704 1124 749 est
1175 692 1363 762 praedicamus.
1384 690 1515 748 Feriectte
1524 691 1688 763 aequalitatis
1699 691 1907 764 significantiam
1923 693 1973 746 ba-

321 786 387 840 nara
411 793 438 839 at
459 783 545 840 Filius
570 784 682 840 hominia
705 784 863 855 clarificetur
879 783 1038 857 (loanni,
1061 783 1121 857 25).
1173 785 1220 842 bet
1234 786 1382 842 similitudo
1404 794 1454 841 :ct
1468 785 1565 842 hocor
1592 784 1972 856 sanctisSeripttrrisintelli-

317 875 379 933 Non
395 877 513 943 audiam,
530 886 653 934 mortuus
666 884 728 944 est;
758 877 809 932 nisi
823 876 941 942 audiam,
959 875 1121 932 resurrexit.
1172 879 1289 950 gendum
1304 887 1356 935 est.
1371 877 1586 950 503chimus
1598 876 1638 950 (d)
1655 892 1785 949 namque:
1801 876 1972 933 visitantem

319 968 393 1025 Nihil
407 970 558 1027 solitarium
579 987 613 1029 ex
627 970 726 1027 diuinis
738 970 916 1027 sacramentis
934 969 968 1026 arl
985 969 1121 1041 suspicio·
1172 972 1255 1028 Adam
1264 973 1379 1029 ducentia
1392 974 1497 1045 triqr'nta
1508 974 1603 1037 annia,
1619 981 1644 1028 ct
1656 974 1742 1044 qenait
1756 972 1899 1028 secandam
1913 972 1980 1045 cili-¹

316 1083 382 1124 nem
392 1068 560 1125 audientium
575 1077 603 1125 ει
620 1069 655 1124 ad
678 1068 853 1126 occasionem
873 1067 1120 1139 blasphemantium
1171 1067 1239 1139 piem
1246 1083 1319 1122 auem
1329 1066 1499 1122 etseeurrdnrrt
1510 1066 1703 1121 similitudinem
1710 1081 1793 1133 tacut,
1806 1077 1830 1122 et
1841 1067 1972 1140 coquenti-

317 1160 497 1232 prolcraruus.
535 1161 607 1218 Ante
630 1161 758 1219 nativitas
782 1161 865 1230 Filii,
886 1169 950 1217 ante
974 1160 1119 1232 subiectio,
1171 1160 1242 1215 nquit
1255 1176 1347 1215 nomen
1361 1161 1416 1228 eiua
1429 1158 1494 1216 Seth
1508 1157 1584 1232 (Gen.
1610 1174 1639 1229 v,
1653 1158 1692 1232 3).
1708 1159 1807 1229 Quaero
1819 1159 1971 1231 cujusmodi

315 1264 381 1310 aute
393 1252 543 1310 similitudo
554 1264 656 1311 naturae
667 1253 840 1326 praedicanda
853 1261 911 1310 est:
925 1262 955 1310 ut
969 1268 1023 1308 non
1035 1252 1120 1324 impie
1171 1250 1376 1309 similitudinem
1391 1250 1718 1323 etelfigiemsnamhdam
1729 1251 1968 1324 inScthgenuerit.

315 1346 396 1402 unius
411 1360 472 1403 esse
485 1355 514 1404 ει
526 1347 607 1403 Pater
624 1354 651 1404 et
664 1345 751 1404 Filius
764 1346 922 1404 substantiae
943 1345 1117 1418 praedicetur.
1170 1344 1248 1402 'Folle
1261 1360 1405 1418 corporum
1420 1345 1602 1412 infirmitates,
1611 1345 1678 1402 tollo
1690 1354 1839 1419 conceptus
1850 1346 1968 1416 initium,

313 1436 349 1494 Et
361 1452 415 1494 uon
426 1438 556 1511 intelligo,
568 1446 692 1496 curante
705 1446 804 1496 caetera
819 1447 955 1511 tamquam
966 1439 1117 1496 marimum
1169 1437 1238 1497 tolle
1250 1438 1360 1496 dolores
1380 1437 1417 1512 (c)
1441 1437 1634 1511 partitudinis,
1659 1448 1688 1496 et
1698 1454 1808 1497 omnem
1824 1439 1968 1497 humanam

313 1539 342 1588 ει
355 1531 527 1603 potissimum
547 1542 576 1590 et
588 1530 740 1589 solitarium
755 1531 957 1603 praedicandum
970 1532 1026 1598 sit,
1044 1531 1117 1603 qnod
1170 1533 1360 1590 necessitatem
1375 1551 1382 1586 :
1405 1547 1501 1604 quaero
1520 1532 1669 1588 similitudo
1684 1531 1762 1600 haee,
1787 1547 1848 1604 quae
1858 1533 1885 1589 in
1900 1533 1969 1591 Seth

312 1639 368 1683 nee·
380 1626 424 1696 pie
437 1627 524 1698 possit
536 1635 599 1684 ante
620 1635 720 1683 caetera
733 1626 893 1697 praedicari,
908 1633 936 1683 et
953 1625 1009 1698 jam
1034 1624 1118 1698 impie
1168 1636 1221 1695 est,
1233 1634 1322 1682 utrnm
1336 1640 1385 1696 per
1397 1633 1521 1681 naturam
1532 1623 1675 1681 dissentiat
1686 1624 1803 1691 auctori,
1817 1633 1864 1682 aut
1876 1635 1967 1684 utrum

300 1711 428 1776 ἰιεεεεεε
438 1719 474 1774 sit
485 1728 547 1790 post
560 1725 660 1777 caetera
670 1718 811 1791 denegari.
1168 1717 1279 1774 alterius
1291 1717 1401 1791 generis
1415 1718 1533 1775 essentia
1547 1716 1629 1774 luerit
1640 1718 1667 1774 in
1690 1726 1805 1791 utroque
1819 1763 1827 1789 ,
1856 1736 1890 1778 ne
1909 1736 1965 1778 nou

347 1812 393 1869 li.
409 1809 445 1868 Ft
471 1813 514 1884 pic
534 1813 587 1868 dici
603 1821 696 1886 potest,
722 1819 746 1867 et
765 1812 806 1884 pie
828 1811 916 1867 taceri.
933 1842 969 1852 -
986 1809 1046 1868 Non
1061 1818 1114 1879 est,
1167 1812 1316 1868 naturalem
1331 1810 1457 1869 habuerit
1470 1810 1537 1869 lidae
1551 1811 1618 1869 Seth
1630 1822 1710 1870 natos
1724 1814 1883 1872 essentiam.
1911 1815 1966 1873 sed

313 1908 424 1966 Fratres
439 1906 594 1965 charissimi
607 1949 614 1976 ,
627 1921 680 1963 una
693 1906 780 1962 Patris
795 1915 823 1961 et
835 1904 897 1961 Filii
910 1904 1032 1977 neganda
1045 1905 1111 1960 sub·
1129 1893 1152 1956 B
1164 1905 1312 1962 similitudo
1326 1904 1392 1962 hdae
1405 1915 1458 1974 est,
1476 1903 1510 1978 (l)
1536 1905 1642 1962 etiamsi
1655 1921 1802 1979 nagemns;
1833 1908 1895 1979 qnia
1909 1923 1965 1966 non

310 1998 1042 2076 stantia:(a)seduecirraiionabiliterpraedicanda.
1071 1998 1113 2055 Sit
1163 1997 1477 2056 estuatttradissinrilis.
1513 1998 1667 2055 Similitudo
1680 2010 1771 2057 autem
1787 2011 1891 2058 naturae
1906 2019 1961 2058 non

309 2113 364 2154 una
387 2096 537 2154 substantia
561 2111 595 2152 ex
621 2104 725 2152 naturae
742 2094 840 2167 genitae
854 2092 1034 2164 proprietatc;
1055 2106 1110 2147 non
1163 2091 1258 2148 habuit
1270 2091 1297 2147 in
1309 2090 1375 2147 Seth
1400 2089 1512 2147 alterius
1524 2091 1633 2164 generis
1648 2099 1792 2159 naturam,
1818 2093 1882 2164 qnia
1907 2109 1962 2151 non

307 2191 344 2248 sit
359 2200 406 2247 aut
419 2206 452 2246 ex
467 2189 612 2260 portione,
632 2195 681 2243 aut
694 2203 727 2242 ex
741 2186 859 2253 unione,
880 2194 928 2240 ant
941 2199 973 2240 ex
986 2197 1110 2240 commn·
1162 2184 1272 2242 aliunde
1281 2185 1347 2241 Seth
1369 2192 1506 2241 natusest
1531 2204 1538 2241 ε
1569 2186 1605 2240 ita
1634 2184 1786 2243 similitudo
1815 2202 1860 2245 res
1887 2187 1963 2259 ipsas

307 2284 401 2341 niune.
430 2283 523 2339 Potest
537 2296 588 2336 una
603 2279 755 2336 substantia
770 2276 808 2350 (ὁ)
825 2277 868 2350 pie
881 2276 950 2342 diei,
974 2283 1002 2332 et
1012 2274 1056 2345 pie
1070 2285 1111 2331 ta·
1161 2279 1202 2351 lq)
1212 2278 1343 2335 naturalis
1356 2289 1490 2351 aoaeqttat,
1506 2294 1555 2351 per
1570 2280 1774 2337 similitudinem
1789 2297 1843 2337 non
1856 2282 1963 2342 indiffe-

306 2377 375 2434 ccri.
405 2374 494 2431 habos
507 2373 688 2441 nativitatem,
708 2370 794 2428 habes
808 2368 1022 2426 similitudinem.
1038 2366 1108 2434 Quid
1160 2372 1245 2430 rantis
1260 2372 1396 2429 essentiae.
1411 2372 1505 2429 Omnis
1516 2373 1607 2446 itaque
1621 2373 1702 2442 itlius,
1720 2375 1869 2432 secundum
1883 2387 1961 2434 natu·

305 2469 382 2526 verbi
396 2469 558 2525 calumniam
573 2463 876 2537 suspiciose'tenemus‚
896 2463 936 2518 rei
956 2460 1109 2533 intelligcn-
1160 2467 1246 2525 ralem
1262 2465 1443 2534 nativitatem,
1457 2469 1597 2539 :equalitas
1612 2467 1698 2539 patris
1710 2477 1770 2535 est;
1795 2471 1859 2541 quia
1876 2479 1919 2527 εει
1932 2480 1960 2529 ει

303 2565 342 2622 tia
369 2579 422 2620 nen
451 2561 633 2618 dissidentes?
665 2557 830 2626 Credamus,
860 2566 887 2613 et
910 2556 1107 2613 dicamusesse
1158 2559 1310 2617 similitudo
1326 2569 1438 2616 nature.
1469 2561 1502 2615 Et
1523 2559 1617 2616 beatus
1631 2559 1751 2618 loanues
1764 2562 1845 2621 docet
1868 2564 1896 2620 in
1909 2579 1958 2621 na·

303 2671 385 2713 ttnam
407 2653 602 2717 substantiam
623 2649 672 2707 sed
697 2664 747 2722 per
770 2656 875 2704 nimii}
899 2646 1102 2720 Fi⁰l³ii⁸¹³iillb
1158 2662 1219 2711 tura
1232 2656 1318 2711 Patris
1332 2665 1359 2711 et
1375 2655 1458 2722 Filii,
1487 2670 1567 2726 qnam
1580 2655 1686 2728 lloyses
1705 2655 1808 2713 inSclb
1829 2667 1857 2713 et
1870 2657 1958 2715 Adam

301 2764 357 2806 non
371 2746 404 2804 ad
418 2744 642 2819 significationem
655 2743 746 2813 intptao
760 2739 879 2797 unionis·
899 2737 957 2795 Ulli
973 2739 1008 2795 Sil
1024 2737 1107 2796 01⁸1·
1156 2748 1360 2804 similitudinem
1374 2747 1455 2813 dicit,
1473 2748 1543 2803 ltanc
1556 2747 1679 2805 eamdem
1694 2750 1876 2821 aequalilatem
1892 2766 1956 2809 esse

300 2840 466 2906 militudine,
486 2853 540 2895 ιιοιι
554 2852 588 2893 ex
601 2834 759 2892 solitudine·
1157 2850 1270 2908 naturae,
1285 2842 1323 2897 ait
1337 2842 1427 2898 enlm:
1448 2838 1560 2913 Propter
1578 2843 1627 2896 boc
1646 2859 1703 2898 eunt
1718 2843 1799 2914 napis
1809 2843 1957 2914 querebant

338 2954 384 3009 72.
412 2951 470 3007 Vea
492 2947 649 3005 lromoettrion
672 2963 706 3001 ara
734 2944 821 2999 minus
844 2943 957 3015 propria.
982 2969 1020 2982 —
1049 2939 1104 2997 Sed
1154 2932 1243 2990 ludet
1255 2934 1415 3005 interlicere,
1440 2934 1561 3007 quoniam
1575 2935 1723 2992 nouaclum
1736 2934 1846 2991 saltabat
1860 2935 1956 2991 subbu-

298 3046 370 3104 lorte
385 3058 479 3116 parum
494 3038 668 3113 proprietatis
693 3039 720 3093 in
734 3050 765 3093 se
780 3034 882 3091 habere
897 3033 1047 3090 similitudo
1062 3032 1104 3088 ri·
1156 3038 1227 3094 tunt,
1254 3029 1300 3083 red
1320 3035 1346 3083 et
1363 3038 1461 3102 patrem
1480 3045 1554 3084 suunt
1565 3029 1665 3084 dicebat
1678 3026 1772 3096 Deam,
1788 3029 1913 3097 equalem
1927 3045 1956 3086 ac

300 3139 407 3197 deatur.
431 3136 489 3192 lloe
500 3134 524 3191 si
536 3139 598 3199 est,
623 3144 717 3202 quaro
739 3142 793 3201 quo
815 3126 897 3183 ruodo
911 3126 1014 3198 possim
1035 3125 1104 3181 alte-
1154 3115 1251 3188 ladem
1267 3112 1323 3170 Deo
1350 3114 1439 3188 (leat.
1458 3130 1483 3184 t,
1499 3112 1555 3186 ¹8).
1589 3114 1658 3185 Quid
1676 3115 1952 3172 tantorumrirorum

298 3247 360 3289 rum
375 3229 409 3286 ad
427 3229 510 3284 alium
525 3226 576 3282 nisi
591 3239 640 3296 per
653 3220 856 3279 similitudinem
871 3220 1034 3292 coaequat-el
1047 3220 1104 3275 Ant
1153 3205 1284 3265 doctrinis
1311 3218 1391 3279 atque
1415 3207 1494 3266 dictis
1516 3208 1662 3265 inserimus
1684 3210 1817 3280 torpentia
1833 3209 1954 3282 pcccatis

274 3380 278 3387 ἱ
297 3322 430 3394 numquid
442 3335 496 3378 „011
511 3319 583 3377 idem
597 3328 655 3382 est,
683 3331 744 3374 esse
759 3315 795 3388 (ι)
809 3316 912 3373 similes
923 3314 994 3387 quod
1009 3329 1101 3386 ρῳ).
1116 3287 1139 3353 C
1153 3300 1281 3373 gravibus
1295 3299 1423 3372 ingenia,
1446 3310 1475 3356 et
1504 3314 1601 3357 sensus
1623 3300 1735 3357 hebetes
1746 3308 1826 3373 atque
1840 3308 1954 3357 temera·

295 3417 360 3475 qest
381 3415 410 3473 st
431 3428 515 3470 unum
536 3411 618 3478 (1100,
641 3409 723 3467 haber
744 3417 772 3464 er
799 3408 872 3463 nutet
895 3407 1099 3477 suspicionem
1151 3393 1208 3448 rlos
1223 3389 1262 3466 (lt)
1278 3391 1420 3448 aduersum
1436 3391 1638 3449 indissolubiles
1655 3393 1861 3463 praedicationes
1875 3393 1953 3465 impii

294 3512 319 3569 si
329 3510 446 3569 similem
460 3507 566 3574 dixero,
599 3503 683 3559 habet
709 3498 890 3558 indifferentis
914 3498 1096 3570 comparatio·

292 3621 368 3663 nem.
405 3601 477 3658 inter
495 3599 613 3657 similem
638 3604 666 3652 et
689 3610 772 3651 unum
795 3608 891 3665 quaero
909 3606 989 3662 quem
1003 3591 1095 3648 locunt

293 3696 394 3755 habeat
406 3692 537 3765 aequalis:
551 3690 727 3760 etinterrego
742 3694 831 3743 utrum
847 3684 1032 3742 similitudinis
1047 3699 1098 3755 po-

292 3787 357 3857 tius,
371 3794 418 3842 aut
431 3781 585 3841 solitudinis
600 3795 643 3837 res
657 3780 702 3836 sit.
722 3778 783 3835 Non
793 3787 836 3835 est
849 3777 991 3849 aquaticas
1001 3777 1029 3833 in
1040 3777 1096 3833 dis·

291 3882 445 3948 similibus,
475 3893 527 3935 uec
537 3873 688 3933 similitudo
703 3880 746 3930 εει
759 3873 830 3929 intra
843 3886 937 3928 unum.
961 3870 1015 3926 hut
1029 3871 1095 3943 quid

292 3974 420 4033 diderunt
432 3971 548 4038 similes,
559 3977 587 4024 ει
601 3967 721 4039 aequales
735 3982 743 4031 3
768 3974 799 4020 ut
811 3966 845 4022 ab
856 3980 910 4021 uuo
926 3964 1024 4021 iterum
1035 3964 1095 4020 dis·

291 4072 420 4123 cernatur
432 4059 561 4133 aeqttalisl
587 4058 648 4115 lion
661 4064 724 4113 sunt
735 4054 828 4127 itaque
841 4054 987 4112 dissimiles
1001 4071 1093 4128 aequa·

290 4158 340 4215 les.
361 4157 397 4213 Fi
410 4153 473 4227 quid
484 4152 558 4209 aliud
573 4159 686 4223 possunt
697 4163 757 4207 esse
783 4148 886 4205 similes
906 4165 987 4220 qnam
1001 4164 1093 4221 aequa-

290 4250 348 4317 les,
360 4264 423 4306 cum
438 4247 464 4302 in
477 4244 657 4302 dissimilibus
669 4258 723 4299 non
735 4242 770 4298 sit
783 4242 946 4311 aequalitas?

325 4341 372 4397 tt.
392 4338 580 4410 AEqualitatem
591 4338 731 4408 perlectam
747 4334 877 4405 significat
886 4333 1029 4391 similitude
1041 4352 1092 4391 tta-

289 4446 363 4493 tttroe.
389 4434 465 4503 Quod
480 4433 566 4506 Mopsi
578 4430 731 4500 similitude,
744 4431 773 4485 id
781 4430 879 4487 daunai
890 4431 1035 4502 equalina.
1055 4460 1092 4472 -

1150 3481 1312 3555 fatigamus?
1324 3483 1377 3538 Pur
1387 3482 1498 3555 Moysen
1512 3481 1578 3540 Seth
1592 3482 1658 3539 hdaa
1668 3484 1819 3541 similitudo
1832 3493 1884 3553 est,
1899 3499 1951 3555 per

1149 3573 1282 3632 loannem
1296 3574 1381 3631 Filius
1395 3576 1468 3632 Patri
1481 3575 1595 3647 aqualis
1608 3583 1650 3632 est
1665 3594 1672 3630 ε
1695 3586 1722 3631 ει
1734 3577 1881 3648 quaerimus
1894 3588 1951 3635 ter·

1149 3669 1216 3726 tium
1232 3669 1327 3725 neseio
1338 3669 1403 3741 quid
1426 3669 1498 3727 inter
1512 3669 1619 3727 Patrem
1630 3679 1659 3726 et
1671 3670 1791 3740 Filium,
1816 3672 1887 3743 quod
1903 3688 1950 3730 na·

1150 3769 1209 3817 tura
1224 3775 1276 3816 non
1287 3761 1395 3831 recipit.
1413 3760 1516 3818 Similis
1536 3771 1578 3818 cst
1591 3762 1682 3829 Patri,
1708 3763 1779 3821 illius
1792 3763 1881 3820 Patris
1894 3774 1948 3832 est,

1149 3869 1183 3911 ex
1207 3868 1241 3910 co
1263 3864 1344 3911 natus
1367 3863 1428 3911 est:
1455 3870 1503 3926 per
1528 3855 1580 3912 hoc
1604 3856 1692 3914 solunt
1714 3858 1759 3931 pie
1774 3859 1948 3933 potestquotl

1148 3964 1231 4006 unum
1247 3951 1301 4006 sint
1314 3950 1465 4021 praedicari.

1185 4043 1230 4098 ll.
1248 4041 1451 4099 similitudinem
1477 4044 1532 4101 aine
1544 4045 1691 4112 equalitate
1702 4050 1853 4119 confitentes
1867 4050 1946 4122 resei-

1145 4137 1288 4195 lttntur.-
1300 4138 1356 4197 Nee
1370 4155 1414 4195 mc
1428 4139 1623 4207 lallit‚Fratres
1636 4143 1800 4212 charissimi,
1815 4144 1947 4217 quosdam

1145 4246 1217 4299 esse,
1241 4233 1285 4305 qui
1300 4233 1507 4291 similitudinem
1520 4235 1697 4304 confitentes,
1720 4248 1821 4311 negant
1830 4237 1945 4310 aquali·

1146 4312 1238 4383 tatem.
1261 4324 1314 4382 Sed
1330 4325 1475 4397 loquantur
1486 4335 1515 4382 ιιι
1528 4329 1631 4395 volunt,
1658 4336 1687 4386 et
1699 4328 1874 4401 blasphemia·
1887 4343 1945 4386 aaa

1145 4421 1221 4478 uirus
1235 4420 1359 4492 ingerant
1373 4419 1570 4492 ignorantibus.
1602 4420 1631 4478 Si
1657 4421 1727 4479 iuter
1738 4420 1943 4480 similitudinem

285 4618 293 4631 ⁹
323 4612 577 4688 (animatior,
592 4607 679 4663 sedne
703 4623 713 4662 :
738 4615 794 4661 tum
819 4621 880 4662 enm
895 4604 1132 4673 cacterisedit.1)
1183 4607 1217 4681 ())
1239 4608 1314 4677 lips.
1329 4615 1357 4665 et
1372 4607 1445 4676 Pan,
1472 4606 1549 4662 etiarn
1563 4607 1619 4663 aine
1631 4622 1723 4678 qenerc
1739 4622 1750 4662 .·
1764 4614 1857 4661 contra
1873 4619 1941 4661 mss.

288 4687 431 4759 sequentia
454 4685 494 4739 sie
518 4680 713 4751 conjungentes
729 4718 737 4745 ,
763 4677 978 4732 irrationabiliter
990 4678 1090 4749 predi·
1143 4681 1223 4737 iidem
1237 4691 1264 4738 ει
1275 4680 1505 4736 Hilariimcntem.
1516 4678 1597 4734 Vetus
1610 4694 1660 4733 ms.
1672 4678 1753 4733 Carn.
1769 4693 1831 4733 cum
1846 4675 1941 4744 titan,

289 4759 372 4815 cunda
387 4758 421 4812 ait
436 4772 487 4809 una
498 4750 651 4818 substernis,
665 4756 732 4816 etc,
743 4746 863 4804 efficiunt
874 4763 983 4804 sensunr
995 4749 1030 4803 ab
1043 4748 1091 4804 lli-

288 4831 358 4888 lario
372 4828 501 4883 alienun.

325 4920 363 4993 (b)
390 4919 427 4975 lta
443 4919 470 4971 in
484 4930 549 4971 mss.
565 4913 618 4970 uisi
638 4911 710 4985 quod
724 4911 751 4968 in
762 4909 873 4968 Carnul.
891 4918 919 4967 ul
934 4911 961 4966 in
976 4910 1092 4982 vulgatis

286 5000 386 5058 exstat,
411 4989 489 5059 impie
509 4986 573 5041 dici.

324 5084 362 5155 (a)
383 5083 428 5140 Sic
441 5096 492 5136 ms.
508 5077 590 5134 Cara.
605 5076 657 5133 Alii
671 5085 777 5142 autent,
805 5075 903 5132 similes
922 5085 945 5131 et
958 5076 1089 5148 aequales:

288 5154 336 5214 nbi
348 5155 413 5212 editi
429 5153 540 5218 babent,
559 5150 643 5205 simile
656 5151 725 5222 qnod
739 5148 848 5220 manle.

324 5247 365 5318 (d)
380 5245 521 5315 Origenes,
532 5242 579 5299 lib.
595 5257 604 5296 r
620 5241 758 5298 Periarcb.
773 5255 797 5295 c.
813 5240 842 5307 2,
857 5255 890 5296 ex
904 5239 1087 5309 iisdemQSeri-

285 5320 374 5390 pluris
399 5318 542 5372 confirmat
565 5313 709 5385 imaginem
727 5310 862 5367 interdum
886 5310 987 5377 iddici,
1013 5312 1084 5380 quod

285 5390 346 5455 ejus
360 5390 436 5454 cuius
447 5387 537 5459 imago
551 5397 593 5445 est
603 5394 726 5440 naturam
739 5383 869 5447 obtineat,
877 5397 963 5452 eaque
978 5384 1084 5437 ratione

283 5458 383 5516 Filintn
395 5458 482 5514 Patris
493 5459 639 5527 imaginent
661 5455 827 5523 nuncupari:
845 5453 919 5508 Sicut
941 5451 1083 5506 sectandum

282 5529 417 5586 historiam
429 5529 538 5583 dichrona
551 5527 688 5598 intaqinent
698 5526 762 5579 Adae
772 5541 825 5579 estc
836 5524 919 5594 filiurn
933 5524 990 5593 ejus
1004 5521 1081 5591 Setia·

280 5600 319 5653 a'ttr
332 5601 398 5654 eninr
411 5600 535 5669 scriptum
549 5611 597 5663 cat,
621 5596 655 5652 lt't
669 5598 755 5667 qenttit
765 5595 850 5650 Adam
861 5594 925 5649 snt
938 5595 1079 5648 secundam

282 5686 294 5722 t
344 5673 486 5723 ientsnom.
508 5667 667 5738 Qnoeintaqo
682 5668 869 5722 etiontnatttroe
888 5666 1080 5721 uctubstantr'oe

310 5739 374 5791 atris
383 5748 407 5792 et
421 5736 485 5792 Filii
494 5739 605 5791 eontinet
614 5738 748 5791 unitatem.

320 5822 392 5891 (qiu
405 5825 542 5895 plerisque
552 5839 632 5891 mss,
641 5827 807 5894 penitudinis.
819 5824 988 5883 Vocabulum
995 5804 1078 5897 parti-

284 5891 384 5948 tudinis
394 5893 450 5963 jam
466 5895 587 5953 occurrit
599 5908 628 5951 ιι.
644 5895 689 5949 l'l.

1143 4753 1225 4818 tert,
1243 4768 1348 4809 rrecnon
1361 4753 1427 4807 edit.
1443 4751 1521 4816 Bad„
1538 4749 1585 4804 Fr.
1600 4749 1712 4813 athir..
1732 4749 1831 4805 etiamsi
1844 4763 1942 4820 qenes:

1143 4826 1215 4896 quod
1241 4822 1414 4880 commodum
1437 4823 1527 4877 animo
1546 4819 1757 4887 obertseusunt,
1783 4829 1859 4892 pnta,
1874 4817 1942 4875 Sella

1143 4895 1247 4951 etiamsi
1271 4892 1434 4966 genushdae
1455 4893 1587 4960 obtineat,
1611 4891 1796 4962 ipsinstanren
1811 4889 1939 4945 similitu·

1138 4966 1233 5024 dinem
1244 4966 1441 5031 cognominari.
1468 4963 1640 5020 Praelcrimus
1664 4972 1828 5018 tamencum
1842 4960 1938 5030 eoru,

1142 5039 1255 5104 Pentel,
1269 5036 1349 5104 sitr,
1359 5036 1476 5107 lientig.,
1490 5034 1606 5098 Theod„
1618 5033 1733 5090 Romet
1745 5031 1936 5100 stanneam,

1143 5112 1243 5165 etiantrt'
1267 5124 1402 5180 neqemtts:
1428 5106 1545 5162 marimo
1566 5120 1627 5160 curu
1656 5121 1731 5172 num.
1754 5103 1805 5168 tt,
1829 5116 1938 5159 rursum

1143 5190 1278 5243 occurrat,
1293 5196 1366 5251 equo
1377 5179 1451 5249 piane
1461 5186 1499 5231 ert
1510 5177 1610 5231 etiarnsi
1621 5190 1759 5249 rreqemna:
1776 5174 1821 5231 ubi
1845 5174 1938 5232 denuo

1141 5250 1249 5321 Lipsius
1258 5252 1292 5308 de
1305 5267 1354 5306 suu
1364 5249 1464 5321 posuit,
1488 5248 1564 5303 etiam
1578 5248 1739 5321 mncqenere.

1178 5324 1216 5397 (q)
1243 5324 1273 5379 ln
1289 5323 1407 5389 excusis,
1430 5319 1584 5385 naturales,
1610 5320 1761 5389 elegantius
1782 5332 1814 5376 ae
1840 5316 1934 5374 verius

1138 5394 1166 5450 in
1181 5412 1247 5451 nrss.
1264 5394 1401 5450 naturalia.
1430 5391 1498 5446 Tum
1517 5391 1544 5446 in
1568 5391 1611 5445 ltis
1625 5391 1733 5456 uerbis,
1754 5406 1800 5463 per
1811 5387 1936 5445 mittilbu-

1137 5466 1223 5521 dinem
1238 5482 1289 5521 non
1310 5461 1501 5532 indifferentis,
1528 5462 1646 5518 abundat
1666 5461 1774 5530 quidem
1800 5460 1933 5530 particula

1136 5553 1249 5609 negans,
1262 5552 1312 5593 nec
1325 5539 1396 5591 male
1411 5534 1542 5590 omittitur
1556 5533 1582 5588 in
1598 5549 1649 5589 ms.
1664 5533 1757 5598 liam,
1773 5533 1821 5588 sed
1838 5531 1935 5601 hujus·

1134 5611 1208 5665 tnodi
1235 5605 1447 5677 locutionisjam
1471 5620 1525 5661 non
1547 5606 1631 5661 semel
1658 5604 1782 5675 exempla
1800 5600 1930 5658 uidimus.

1133 5677 1167 5735 tt.
1184 5681 1231 5735 lib.
1247 5694 1284 5735 ιιι
1297 5678 1416 5735 tle'Friu.
1432 5693 1460 5731 n.
1475 5677 1520 5734 73.

1168 5751 1208 5822 (lt)
1230 5751 1267 5807 lta
1281 5765 1347 5806 mss.
1364 5747 1399 5804 ht
1413 5748 1490 5815 editi,
1510 5747 1645 5804 edentum
1659 5745 1847 5803 indissolubilia
1862 5759 1933 5815 prm·

1131 5820 1266 5878 dicationis
1279 5820 1477 5887 anctoritatent;
1503 5827 1530 5876 ct
1541 5834 1613 5888 tuor,
1631 5817 1720 5875 Petris
1732 5817 1868 5892 aequalitem
1879 5824 1928 5887 etl,

1129 5907 1185 5951 nou
1209 5893 1317 5965 equalis
1334 5900 1381 5949 ert.
