4209 6250
129 182 185 243 bot

729 181 992 243 mediastinum
1008 183 1206 244 PRAEl'ATlO.

1728 188 1780 246 ιιι)

132 294 231 365 insigni
247 296 365 351 nondam
379 294 451 351 edito
469 294 622 353 didicimus.
643 296 769 368 Quisquis
784 307 873 353 antem
888 294 929 351 rcl
946 296 1161 369 Aalnregatioue
1185 299 1264 356 rerba
1290 300 1391 358 larcicns
1412 302 1519 375 egregie
1539 303 1644 370 scribit,
1664 322 1674 356 r
1693 303 1780 360 Etirtnr

133 389 284 445 Restitanrs
296 389 342 445 illc
359 390 459 457 luerit,
476 391 519 446 vel
530 392 620 448 ccctcri
634 406 695 448 curn
711 406 744 446 co
755 390 788 446 ad
812 391 932 461 impara-

135 491 220 539 turem
243 498 260 537 a
281 483 386 555 synodo
409 483 544 556 delegati,
566 484 645 554 triane
671 486 764 555 quales
788 500 802 536 a
827 484 931 540 Seuero

134 573 190 646 (ιιι.
206 591 225 629 ιι
244 573 312 629 illst.
325 572 406 645 socr.)
419 574 547 646 descripti
565 586 646 644 suut,
662 592 722 633 sese
744 575 933 632 adolescentes

135 682 229 738 param
241 666 346 733 doctos,
362 682 508 739 parumque
519 676 613 723 cautos
627 668 692 723 satis
709 683 845 738 saporque
867 682 930 738 pro·

135 759 272 824 diderutrt,
285 774 345 816 cura
355 757 473 815 uatrtdati
486 760 554 817 iactes
564 760 760 833 praetergressi,
770 762 854 816 intuto
867 777 934 817 cort·

137 865 177 912 tra
192 857 280 929 ipsum
303 854 479 921 mutuatum,
506 871 539 912 ne
561 850 615 928 qao
641 855 722 911 nrodo
742 871 803 911 curn
824 855 932 911 brittus

135 948 354 1004 erurtrnuuionem
371 948 479 1010 inirent,
495 957 553 1003 acta
567 946 652 1019 ipsias
675 947 783 1020 syrtndi,
806 946 934 1003 admissis

136 1043 163 1097 in
174 1042 393 1101 armaranioncm
409 1057 477 1114 qnos
494 1041 536 1097 illa
548 1043 679 1114 reiecerat
691 1042 838 1110 haereticis,
850 1042 934 1098 resci-

136 1132 247 1190 derunt.
752 1204 758 1213 ἱ

171 1228 216 1284 52.
234 1227 302 1283 buta
317 1227 375 1287 lrrcc
387 1239 476 1284 autern
493 1228 519 1283 irr
533 1227 650 1285 Tlrracia
667 1238 808 1301 geruntur,
830 1230 933 1285 interea

135 1320 189 1379 luci
210 1320 254 1392 qai
275 1322 426 1378 Ariminum
454 1332 653 1387 conuerterant,
681 1331 734 1379 tarn
762 1335 844 1380 rectae
871 1322 932 1383 strici

140 1428 220 1484 qaam
235 1411 475 1486 brianmpcrb'dicc
488 1414 620 1486 episcopi,
642 1415 793 1486 legatorum
822 1430 933 1471 suornrn

137 1506 253 1563 ruditum
266 1517 424 1583 exspectare
436 1507 504 1580 jussi
519 1507 634 1564 aTauro
644 1507 772 1579 praelecto
792 1507 932 1578 praetorio,

136 1602 179 1658 etri
195 1601 342 1673 injunctam
358 1600 457 1670 luerat,
481 1618 515 1659 ne
539 1601 668 1659 collectos
694 1610 756 1657 astte
786 1600 935 1656 dimitteret

983 388 1074 461 lapsus
1085 402 1240 448 sacratarum
1262 394 1335 450 utilis
1349 404 1391 450 cst
1404 413 1410 448 t
1425 395 1489 450 nibil
1505 395 1569 452 milti
1593 398 1685 453 nocuit
1710 399 1781 467 rtuod

984 483 1091 553 negarit
1105 483 1210 549 Petras,
1226 487 1324 557 proluit
1336 490 1407 559 qnod
1418 489 1589 545 ettrcndarit:
1604 491 1685 547 didici
1696 492 1784 550 ritare

983 576 1117 648 colloquia
1128 578 1307 648 pertusura:
1321 602 1330 634 t
1342 582 1471 653 (tlttrbros.
1482 583 1526 637 ιιι.
1540 601 1553 638 ι’
1565 585 1592 638 r'n
1603 583 1667 640 Luc.
1679 603 1707 640 ιι.
1722 584 1783 659 89.)

983 668 1056 725 ldcm
1068 673 1236 743 auctoralibi
1254 685 1347 731 mouet
1367 677 1552 734 aduersarium
1564 688 1673 735 satietas
1692 680 1718 734 in
1733 696 1782 736 sua

984 761 1081 819 dantuu
1099 776 1201 822 tentare
1211 768 1356 840 aliquando
1371 770 1441 843 cogi.
1460 791 1469 823 r
1488 772 1555 827 Drurr
1569 773 1641 829 enirn
1656 782 1752 841 tentat,
1767 794 1791 858 a·

984 856 1131 931 subjungit,
1148 878 1158 911 r
1177 862 1303 919 meliores
1313 863 1413 930 reddit,
1439 876 1467 919 ut
1492 866 1537 935 qai
1557 875 1675 923 tcrttatar
1700 870 1785 938 possit

984 953 1052 1008 alios
1067 954 1220 1021 instituere,
1233 957 1277 1025 qui
1293 955 1344 1010 sibi
1360 957 1410 1026 ipsi
1422 957 1557 1014 itrtalidas
1569 959 1718 1015 ridebatur.
1733 961 1783 1015 De·

984 1044 1067 1115 nique
1081 1043 1177 1100 Petrus
1188 1045 1316 1101 Ecclesiae
1330 1049 1513 1118 praeponitur,
1539 1062 1680 1122 postquam
1695 1068 1710 1106 a
1726 1052 1782 1108 dia·

983 1136 1048 1192 bolo
1065 1146 1244 1195 terttutascst.
1263 1158 1273 1193 ι
1289 1139 1327 1196 lta
1340 1157 1393 1197 narr
1417 1142 1505 1198 solum
1531 1144 1602 1213 aliis,
1627 1146 1675 1202 sed
1702 1148 1784 1202 etiam

985 1230 1018 1286 iis
1029 1233 1074 1305 qai
1090 1233 1134 1288 illa
1146 1236 1325 1302 continuant,
1342 1246 1371 1292 ιιι
1388 1251 1436 1291 sua
1448 1247 1558 1307 peecata
1581 1239 1650 1296 bcuc
1674 1240 1784 1310 cedaar,

984 1324 1118 1381 immensa
1132 1326 1177 1383 Dei
1201 1327 1351 1398 benignitas
1364 1327 1456 1385 elficit.
1478 1328 1542 1386 ilaec
1564 1331 1638 1387 enirn
1661 1342 1735 1401 scant,
1750 1335 1786 1389 ad

985 1430 1045 1484 qun
1059 1431 1137 1471 mous
1148 1418 1263 1472 lruntana
1278 1420 1431 1490 pertingere
1444 1435 1497 1477 uon
1510 1431 1599 1492 potest
1611 1422 1709 1480 brinta
1723 1441 1784 1494 pro-

985 1505 1113 1563 ridentiae
1140 1509 1282 1574 miracula,
1297 1511 1386 1566 omnia
1410 1510 1462 1579 piis
1483 1511 1552 1568 benc
1576 1523 1683 1570 uertere
1698 1532 1730 1567 :r
1759 1524 1787 1573 ct

986 1598 1058 1669 qnod
1074 1599 1107 1655 ab
1127 1583 1263 1671 assignata
1280 1602 1384 1657 ordinis
1408 1604 1511 1660 ratione
1535 1604 1710 1673 discesserit,
1734 1608 1786 1665 boc

137 1711 218 1767 qaam
235 1696 261 1753 in
273 1712 353 1753 rruam
365 1696 443 1752 itdctrt
459 1696 655 1762 crtnrenireut3
682 1695 718 1752 ibi
743 1711 847 1753 summa
871 1711 932 1752 cunr
948 1693 971 1753 Β
986 1689 1058 1746 idem
1083 1691 1147 1749 licet
1168 1693 1194 1749 iu
1209 1693 1292 1749 cliuus
1309 1704 1399 1751 taruco
1430 1696 1552 1753 ordinem
1577 1699 1728 1756 reducere:
1753 1719 1788 1756 ae

136 1790 261 1845 ntulestia
273 1805 305 1844 ao
319 1787 399 1845 tudio
412 1788 579 1845 detinentur.
596 1787 685 1856 Qatnre
697 1787 793 1844 litteris
819 1796 934 1858 utraque

137 1895 202 1951 pars
214 1880 350 1951 sigillatim
366 1880 555 1951 imperatorem
580 1878 759 1935 obtrisissinre
784 1887 860 1950 rogat
885 1880 935 1935 ob-

138 1985 316 2049 testaturque,
331 1974 438 2049 qnando
452 1974 562 2047 quidem
575 1975 663 2031 biems
677 1977 802 2042 instaret,
824 1991 858 2031 ue
875 1991 935 2044 per-

139 2068 260 2122 mitteret
275 2082 354 2122 senes
365 2077 415 2120 cta
431 2068 488 2122 suis
500 2066 611 2123 sedibus
621 2065 701 2137 longe
711 2065 833 2134 dissitos,
848 2067 874 2121 ιιι
884 2066 936 2121 dii-

138 2158 285 2215 srrillimam
297 2168 481 2229 teutpestatcat
496 2158 608 2227 diiierri,
621 2156 668 2213 scd
682 2158 885 2230 quamprimum
902 2157 935 2213 acl

139 2230 202 2307 suas
217 2251 340 2307 ciuitates
355 2250 454 2307 rer-eru
465 2249 637 2307 concederet.
652 2249 742 2305 Recta
758 2248 820 2304 lldci
831 2250 937 2317 episco-

137 2359 234 2415 pnrurn
246 2343 385 2414 epistolam
397 2346 524 2399 Socrates
537 2340 594 2417 (tit.
609 2358 627 2397 u
641 2359 664 2397 e.
677 2340 722 2415 57)
735 2341 817 2397 babet
834 2360 840 2394 z
856 2341 949 2398 Aria·-

139 2452 235 2491 trorum
251 2437 302 2491 sub
316 2437 424 2492 uotrtiue
435 2435 530 2509 syortdi
549 2434 729 2490 brintirrensis
754 2431 936 2489 Orientalibus

138 2531 333 2587 consentientis
345 2529 403 2585 aare
420 2530 544 2584 collectio
559 2527 670 2584 exbibet
691 2524 812 2600 (Fruqm.
830 2525 880 2597 rr).

174 2624 221 2681 35.
237 2623 383 2694 insigniunt
403 2623 515 2676 cicorum
549 2623 638 2689 lapsus
657 2622 764 2676 historin
791 2638 841 2675 nou
868 2619 934 2673 silet.

136 2714 342 2785 lisqurutdoqne
355 2713 417 2768 bene
441 2722 551 2767 uertant.
572 2711 668 2767 Liberti
690 2713 834 2785 esetupirrnc
869 2710 937 2784 (du-

136 2821 207 2883 qtnr.
223 2810 254 2863 de
265 2808 352 2880 dpcne
365 2806 470 2862 Carini
486 2824 509 2863 c.
519 2805 718 2878 obp—Caetera
733 2822 792 2877 qaae
809 2805 937 2873 deinceps

138 2904 165 2957 in
179 2920 211 2959 cn
231 2902 424 2973 atr-gotiogcsa
446 2910 518 2965 sunt,
546 2916 680 2971 qucruque
701 2900 803 2955 csitnm
829 2896 936 2952 tmttlem

137 2996 304 3060 discurrerint,
319 2993 427 3065 quando
452 2990 543 3067 Wg‘
556 2992 665 3064 quidem
686 3007 765 3062 supra
778 2989 937 3063 perstritrtri-

985 1784 1049 1856 qnid
1066 1785 1092 1840 in
1108 1801 1191 1857 regan
1205 1787 1381 1857 prouidentiae
1398 1789 1478 1845 liceat
1491 1791 1647 1848 temeritati.
1667 1811 1677 1846 ι
1698 1794 1787 1863 Quare

986 1880 1208 1937 tretrrinidabium
1220 1882 1444 1955 essedebetquiu
1461 1896 1618 1940 renovatum
1636 1886 1662 1941 in
1677 1886 1787 1949 Liberio

986 1972 1117 2029 Potuitne
1130 1975 1201 2030 Petri
1217 1991 1377 2031 successore
1391 1975 1482 2044 luerit,
1497 1978 1568 2048 qaod
1582 1977 1696 2048 Optatus
1708 1980 1786 2035 lille·
1846 1968 1850 1977 ⁸

986 2066 1094 2122 titanus
1105 2065 1304 2137 cttlagustinus
1315 2068 1492 2123 observarunt
1508 2110 1516 2136 ,
1531 2069 1622 2124 diuina
1640 2070 1787 2141 prouiden-

988 2158 1171 2224 tiarliectanr,
1187 2168 1215 2213 ut
1230 2158 1300 2215 idern
1316 2160 1518 2231 illedpostolus
1534 2172 1654 2232 negaret,
1666 2163 1711 2234 qni
1733 2163 1789 2219 cla·

988 2266 1035 2308 res
1059 2260 1219 2322 accepturus
1235 2262 1318 2317 esset,
1330 2269 1385 2325 qao
1400 2247 1525 2311 Ecclesia
1543 2256 1688 2322 catiroliea,
1710 2257 1788 2329 cujus

988 2345 1047 2416 ipse
1059 2359 1203 2417 personam
1215 2346 1337 2417 gerebat,
1353 2347 1470 2406 disceret
1482 2362 1618 2420 tattrqaara
1632 2368 1641 2402 r
1657 2366 1721 2407 rera
1731 2367 1789 2407 rua·

989 2446 1091 2492 ternce
1102 2438 1275 2508 peccantibus
1291 2439 1353 2495 tiliis
1364 2440 1480 2511 superbe
1492 2441 1631 2508 insultare,
1655 2458 1705 2499 nce
1726 2458 1788 2499 cor·

988 2530 1190 2586 rectisdilticile
1201 2529 1447 2605 igrroscere(ldern,
1463 2534 1550 2605 itirt.),
1564 2555 1574 2586 t
1590 2534 1790 2606 ipsmnquebi·

989 2621 1095 2676 beriam
1110 2621 1143 2677 ad
1160 2631 1266 2694 tempas
1278 2623 1330 2679 labi
1346 2625 1518 2697 permissum,
1535 2636 1564 2682 ut
1588 2643 1621 2682 err
1642 2642 1692 2683 suo
1712 2629 1789 2699 lapsu

990 2712 1251 2770 acrioraclortiorin
1261 2715 1545 2789 baeresiurresrrrgcret
1556 2736 1562 2772 :
1575 2720 1634 2775 etin
1651 2720 1787 2790 partitur»

991 2813 1031 2858 tes
1044 2805 1196 2875 rercttiqac
1211 2807 1354 2878 cupientes
1371 2809 1569 2866 clementiorac
1581 2811 1667 2868 senice
1680 2812 1790 2884 protrior

989 2897 1154 2953 exsisteret:
1170 2900 1289 2971 itemque
1306 2901 1358 2958 bac
1370 2902 1467 2958 litteris
1480 2905 1667 2976 comigaatarn
1683 2906 1716 2962 ad
1732 2907 1790 2964 lrtec

990 3003 1077 3059 usque
1088 2998 1208 3061 tempora
1222 2992 1277 3047 illis
1288 2994 1457 3065 temporibus
1468 3013 1520 3052 uun
1532 2998 1645 3053 maltam
1656 2999 1789 3058 munitis

139 3105 198 3145 rrrrts
216 3098 264 3153 ,et
280 3085 416 3143 fusissime
431 3084 464 3140 ab
476 3084 636 3150 lttltauasio,
656 3084 820 3155 Hieronymo
840 3092 933 3138 contra
947 3080 971 3145 C
987 3085 1162 3159 perductura,
1178 3096 1207 3145 ut
1217 3090 1262 3161 qai
1273 3100 1355 3158 stent,
1366 3091 1428 3147 inde
1439 3092 1490 3148 sibi
1503 3095 1598 3151 tirrtera
1611 3093 1727 3163 discant,
1739 3112 1790 3153 nec

137 3181 332 3247 Lucifer-ianas,
349 3192 377 3236 et
391 3179 508 3252 Sulpicio
518 3180 620 3235 Seuero
636 3188 795 3249 pertractata
806 3187 879 3245 sunt,
892 3178 936 3232 lrie

137 3273 301 3347 subjungere
314 3273 482 3345 supcclluutn
497 3284 548 3330 cst.
565 3271 648 3328 Nabis
669 3272 741 3327 cuitu
763 3269 935 3329 solummodo

139 3385 169 3424 ca
184 3378 309 3435 tractare,
324 3384 385 3440 qare
401 3365 490 3422 lacere
501 3366 535 3421 ari
550 3365 747 3420 coortexionetn
776 3364 933 3420 illustratio-

139 3477 255 3534 ucrrrqne
271 3462 365 3518 boram
387 3460 611 3527 Fragtncntormu
634 3457 802 3523 ridebantur,
829 3458 936 3513 animas

138 3556 196 3611 luit.
214 3555 353 3626 inquibus
369 3555 449 3609 etiant
466 3567 571 3616 uereor,
583 3566 617 3608 ue
629 3551 713 3606 oitnio
726 3551 801 3619 plura
822 3550 934 3617 dixisse,

138 3648 321 3720 tragicumque
347 3648 420 3712 iliam
438 3645 652 3702 exsecrationem
674 3641 742 3701 ὄλοιο
756 3646 850 3704 θνητῶν
871 3645 935 3700 eai-

137 3743 215 3822 λέγων
239 3744 286 3804 τὰς
312 3744 460 3820 eappapire,
484 3739 510 3794 in
536 3753 578 3794 mc
593 3736 743 3795 concitasse
767 3735 934 3807 aldesequi

136 3837 354 3894 venerandorum
369 3835 479 3892 Petrum
491 3832 645 3905 opinionem
662 3846 693 3885 ac
705 3829 813 3895 irrorata,
825 3837 935 3885 cotttro·

125 3930 240 3999 ,uersas
257 3909 365 3993 coruos,
386 3925 569 3983 dissensiones
594 3921 840 3993 deiectionemque,
863 3920 936 3977 uelut

137 4021 252 4078 rtlrdttcta
269 4021 359 4078 ulcera
385 4035 446 4091 qum
463 4018 550 4076 occuli
575 4018 660 4072 satius
687 4025 756 4081 crat,
782 4013 935 4070 triticanrlo

136 4116 271 4187 sugillent.
286 4115 385 4171 ileruur
399 4129 459 4170 cant
470 4113 646 4169 historiarum
667 4125 736 4166 unns
747 4109 770 4164 is
780 4110 815 4164 sit
825 4124 933 4180 scupus,

136 4218 166 4262 ιιι
183 4208 484 4281 sint,qaemaurnouurn
500 4204 671 4276 Thucydides
686 4201 793 4273 scriptis
816 4201 934 4272 reliquit,

988 3177 1165 3235 redeuntibus
1180 3181 1213 3236 ad
1227 3182 1375 3239 Ecclesiam
1386 3184 1591 3243 sediliiciliures
1605 3188 1752 3258 praebeant.

1024 3273 1070 3328 st.
1098 3272 1154 3329 Osii
1169 3273 1318 3345 erbaciteri
1344 3293 1420 3333 crarta
1435 3317 1442 3334 .
1459 3309 1494 3319 -
1510 3279 1563 3336 Nee
1586 3281 1700 3339 ruinoris
1722 3296 1790 3338 sane

989 3367 1031 3422 rel
1041 3368 1245 3437 speculationis,
1268 3371 1309 3426 rei
1331 3370 1485 3427 documenti
1498 3375 1650 3446 tragilitatis
1665 3377 1790 3438 truncare

985 3458 1203 3528 jnrliciornmque
1230 3463 1383 3520 divinornm
1417 3466 1660 3534 imperscrutabilis
1692 3473 1784 3528 arcani

989 3550 1118 3606 surutlsii
1131 3552 1300 3619 aobtrciieri,
1326 3556 1535 3614 lectissimorum
1553 3559 1695 3617 catltoiicru
1721 3564 1786 3619 udat

989 3651 1222 3713 propugnatorum
1245 3655 1352 3708 eventa.
1375 3663 1490 3717 quarunt
1507 3650 1553 3705 illo
1567 3650 1636 3707 alter
1650 3662 1711 3723 post
1737 3671 1787 3711 no-

989 3734 1070 3790 minis
1094 3734 1233 3792 clrristiarri
1262 3737 1462 3796 corrlessiunctu
1487 3744 1538 3798 sub
1570 3747 1788 3813 persecutoribus

989 3831 1145 3885 saeuissimis
1170 3833 1391 3888 crnrstarttissirne
1414 3834 1528 3902 tuream,
1557 3845 1619 3906 post
1640 3837 1788 3897 extrenuos

989 3936 1038 3991 pro
1050 3921 1131 3995 745
1144 3922 1196 3979 lrde
1206 3923 1338 3981 carlrolica
1359 3937 1453 3981 cotnra
1476 3927 1603 3986 barusim
1618 3932 1723 3989 laboras
1738 3934 1788 3991 ιιιι-

987 4031 1109 4081 tuetrsos,
1123 4016 1307 4087 perfectasque
1328 4019 1485 4090 digrrissirue
1506 4023 1653 4095 legationes
1678 4029 1786 4099 raoltus,

988 4109 1025 4162 ita
1038 4116 1067 4163 ιιι
1082 4118 1157 4179 pater
1171 4111 1360 4181 episcoporum
1373 4112 1528 4182 baberetur,
1556 4117 1669 4175 trinsiunt
1695 4129 1785 4177 tamen

989 4200 1031 4256 stri
1052 4202 1169 4273 sepulcri
1186 4219 1280 4260 antuus
1300 4203 1413 4275 (ditur,
1429 4208 1474 4263 ιιι.
1494 4209 1527 4263 de
1547 4210 1661 4282 synart,
1685 4230 1711 4268 ιι.
1740 4215 1786 4286 tt)

137 4318 225 4376 crepa
238 4305 260 4357 ei
274 4304 314 4358 riri
325 4303 492 4376 ξυγκείμενον.
509 4315 541 4356 etr
557 4313 610 4368 quo
629 4297 717 4352 otuuis
740 4296 788 4350 rari
813 4294 936 4350 lrnrtriues
990 4292 1368 4366 (eetrnsimamauirnantrum
1380 4303 1546 4372 excesserat)
1557 4302 1788 4374 insrqaremaritac

137 4397 278 4464 ntritrsqnc
291 4394 377 4451 laudis
391 4409 424 4450 ao
437 4393 551 4448 fortunus
565 4389 690 4460 exetnpla
709 4387 882 4458 deruomcre,
908 4392 937 4440 et
991 4385 1073 4442 fibula
1091 4389 1197 4458 penitas
1208 4388 1373 4457 deiecisset,
1398 4390 1449 4447 nisi
1470 4393 1606 4449 violentie
1624 4395 1787 4454 brictiorum

136 4489 211 4544 adea
221 4487 310 4544 uarios
324 4486 531 4557 repentinosque
544 4499 633 4548 casus,
644 4481 739 4554 quibas
749 4479 869 4551 qttotidie
883 4472 976 4534 itu-‚ll
990 4480 1215 4552 insperatorisqae
1233 4484 1314 4539 arinis
1324 4483 1441 4553 cedenti,
1465 4495 1494 4542 et
1515 4490 1711 4559 approbatione
1730 4490 1788 4549 Sir-

136 4582 265 4654 petiruar.
281 4595 445 4652 componere
459 4587 559 4652 queant
576 4595 582 4631 ι
601 4594 653 4633 trun
670 4576 749 4631 rideo
771 4589 820 4630 cur
846 4573 934 4628 nriuns

109 4689 116 4700 ·
137 4674 263 4731 utilitatis
273 4673 448 4730 accommodi
460 4689 492 4728 ex
500 4673 633 4728 clarorum
642 4670 761 4725 rlrorurn
773 4668 933 4724 calamitati·

136 4769 198 4837 bns,
209 4768 315 4832 erratis,
328 4777 409 4841 atque
418 4767 488 4824 adeo
500 4763 649 4823 sceleribus
663 4765 697 4821 ad
713 4779 762 4822 uns
784 4750 933 4834 perteniat,

136 4860 180 4932 qui
193 4875 226 4918 ea
236 4859 350 4932 legintus
362 4870 477 4926 tanturm,
493 4874 546 4914 noo
559 4857 703 4920 sentimus,
730 4870 809 4927 qaam
825 4870 857 4910 ex
878 4852 933 4908 rir-

135 4953 237 5008 tutibus
251 4953 386 5024 rebusque
401 4952 528 5023 praeclare
540 4953 624 5023 gestis
638 4966 715 5006 :cum
733 4949 814 5008 etiam
830 4947 881 5002 illis
895 4947 936 5018 ip·

134 5043 185 5112 sis,
199 5044 244 5115 qui
258 5044 444 5100 imbecillitate
456 5044 572 5100 ltamana
583 5043 610 5099 iu
620 5041 753 5113 ejusmodi
767 5040 936 5096 calamitates

135 5137 301 5203 inciderant,
317 5153 370 5193 noo
382 5153 442 5193 raro
456 5135 524 5195 lroue
537 5146 643 5195 uertere
670 5137 786 5194 soleant.
809 5136 933 5190 Croesum

124 5213 205 5301 'apud
219 5229 383 5285 lictotlotuttt
397 5231 546 5304 παθήματα,
565 5230 704 5304 μαθήματα
716 5226 769 5283 siltl
783 5224 934 5287 exsiliisse.

135 5332 162 5379 et
173 5323 299 5395 lleropcrt
315 5325 341 5384 in
354 5325 465 5382 tlreatris
478 5339 508 5379 se
520 5320 676 5378 infortuniis
686 5321 806 5407 eqasisse
823 5322 933 5392 sapien·

135 5424 190 5472 tem
202 5416 316 5488 ingenae
341 5425 519 5489 agnoscentes
539 5414 627 5470 libens
643 5412 831 5484 praetermitto,
850 5420 880 5467 at
905 5411 931 5468 in

135 5507 318 5564 ecclesiastica
342 5509 501 5564 tractatione
511 5505 655 5576 desumpto
668 5521 700 5560 err
716 5518 792 5562 sacra
807 5503 933 5568 historia,

134 5616 168 5656 ex
180 5617 231 5671 qua
244 5601 356 5656 iorrnarn
370 5600 451 5655 traicit
466 5599 603 5666 Ecclesia,
630 5599 755 5668 exemplo
780 5596 868 5654 locum
894 5595 933 5651 la·

134 5696 214 5750 ciam.
232 5694 262 5751 ll.
277 5691 435 5753 Ambrosius
448 5694 482 5751 do
493 5693 564 5751 Petri
588 5689 772 5766 apostoloram
804 5689 935 5763 coripbai

988 4574 1100 4630 miensis
1115 4576 1345 4632 dnontoearrorutu
1358 4579 1478 4648 pertidia
1497 4581 1523 4636 ιιι
1549 4593 1670 4654 praeceps
1686 4588 1787 4651 ruenti,

987 4665 1078 4723 dirina
1107 4668 1250 4723 clementia
1287 4685 1396 4725 manum
1424 4674 1632 4742 supposuisset:
1657 4676 1728 4733 aiter
1755 4679 1787 4733 iis

987 4760 1069 4818 etiam
1080 4763 1544 4834 superior,quibusOsirrseesscrat,
1555 4776 1760 4838 posttoteracta
1778 4812 1786 4837 ,

988 4864 1018 4908 ut
1029 4853 1184 4925 llieronymi
1196 4857 1276 4912 verita
1289 4869 1415 4928 usurpem
1427 4857 1550 4930 illinon.
1565 4861 1688 4918 ιιιιιιιιιι
1709 4863 1787 4918 Luci-

990 4945 1066 5018 fer),
1081 4946 1114 5003 de
1129 4948 1239 5018 perfidia
1254 4949 1388 5006 debellata
1405 4954 1537 5024 tropiraea,
1551 4957 1602 5011 srrb
1618 4958 1786 5026 ipsaniam

988 5038 1043 5109 plro
1058 5039 1092 5095 ab
1103 5039 1164 5108 ipso
1176 5040 1375 5098 dissensionum
1401 5053 1512 5101 sacerna
1535 5056 1689 5116 superstrui,
1708 5065 1787 5119 sepa·

987 5141 1064 5187 ratus
1076 5133 1111 5187 ab
1136 5133 1255 5189 Ecclesia
1270 5146 1321 5200 est,
1337 5151 1370 5191 ac
1383 5135 1461 5205 piane
1474 5149 1635 5208 prostratus.
1659 5143 1700 5197 Αιι
1728 5143 1786 5199 boc
1824 5197 1829 5204 .

987 5225 1189 5296 eaintquisaou
1202 5226 1324 5293 protinas
1338 5239 1398 5282 earn
1410 5227 1523 5300 Tragion
1533 5231 1677 5300 sceleraret.

1113 5341 1137 5414 ις
1149 5350 1215 5397 enses
1225 5346 1294 5403 cepa
1306 5353 1336 5390 ιιι
1347 5353 1463 5404 nauem
1472 5356 1539 5406 pn„

1115 5417 1140 5458 ne
1153 5409 1206 5452 stite
1215 5415 1277 5464 ιηιιι.

989 5514 1017 5561 et
1029 5504 1133 5576 abjecta
1150 5507 1223 5562 omni
1244 5507 1339 5564 irducin
1354 5509 1409 5578 sui,
1423 5510 1539 5567 nistera
1561 5523 1640 5568 marn
1657 5527 1691 5570 es
1710 5511 1779 5585 Apo·

989 5597 1052 5652 stoli
1065 5599 1223 5669 praescripto
1235 5613 1295 5655 cam
1311 5601 1451 5658 timoratae
1470 5611 1590 5662 nemore
1605 5607 1711 5675 operari
1732 5621 1787 5662 aar.

990 5688 1128 5748 condiscat
1144 5689 1229 5763 (Part.
1244 5707 1276 5760 u,
1291 5693 1358 5765 tati
