4209 6250
188 274 243 331 dile
656 273 703 331 ex
722 273 837 332 breue
856 274 1037 333 umbutou
1057 275 1294 334 reneuutttuu
1315 276 1358 332 llf.
1780 276 1833 334 llil

187 394 324 461 maritate,
338 408 420 464 ononi
444 392 562 462 lepitiosa
584 393 692 450 ratione
712 391 842 464 mereari.
857 393 1022 458 iidoeteeu
1037 394 1195 452 volebamus
1215 395 1314 452 talibtu
1327 392 1472 466 abnuendo
1484 392 1613 465 conjungi
1632 391 1727 466 :liquo
1741 394 1832 464 uulgo,

187 490 260 547 enim
283 488 356 559 qnod
383 487 411 555 ii,
427 487 474 558 otti
486 486 631 543 damnatos
653 486 798 558 recipiunt,
814 486 843 543 ia
856 485 986 543 eumue
1037 489 1218 561 eronibaaqae
1230 490 1357 562 pentibus
1370 489 1410 563 (f.
1426 489 1633 561 hominibusque
1650 489 1795 559 gentilibus
1804 487 1833 562 l,

185 582 346 651 crimenque
358 579 498 636 incurrunt
511 587 543 636 ut
555 579 701 636 ritrlatorea
715 578 867 643 umfredum
878 577 985 649 lectuna
1038 580 1066 637 ld
1080 581 1151 652 quod
1165 581 1236 638 inter
1254 597 1305 638 uos
1319 581 1408 638 luerat
1426 582 1591 649 referebam,
1606 596 1656 652 pro
1677 582 1747 638 reris
1767 580 1833 636 falsa

187 674 233 731 tali
247 673 409 730 auctoritare
418 672 551 742 iodicium
572 673 738 728 constituere
756 672 944 737 conabantur,
958 679 988 728 ut
1039 672 1185 744 bogettmar
1199 687 1248 730 uec
1267 674 1431 731 discordiam
1446 675 1516 730 inter
1528 690 1578 730 nos
1589 689 1624 731 er
1638 683 1720 730 nausa
1733 674 1779 729 ffei
1789 687 1835 728 or·

186 764 365 834 setejudices
376 763 498 835 judicum
521 763 614 820 dicere
637 763 755 829 vellent,
770 772 853 833 atoue
875 778 986 831 eorum,
1038 775 1106 834 taut,
1123 765 1218 823 sedux
1238 767 1580 838 bomnnaprarsutnptione
1594 767 1749 824 narrabant.
1764 767 1837 821 biri·

186 860 233 932 qui
248 859 305 931 jam
322 874 385 914 eon
400 858 457 913 lieo
476 859 585 924 suot,si
599 857 641 914 fae
659 866 712 920 eet,
725 861 887 915 senentiam
907 857 987 914 refri·
1038 858 1082 914 nie
1094 856 1212 914 bumana
1226 859 1382 925 mlsceetes,
1397 871 1426 915 et
1439 858 1632 916 ecclesiasticis
1648 859 1731 915 rebus
1746 860 1835 929 prita-

186 967 262 1009 care.
276 952 331 1008 Noe
342 967 405 1008 uero
415 951 579 1022 rogabamus
593 951 655 1007 illos
668 965 717 1023 per
730 951 861 1022 plurimos
872 951 943 1019 dies,
958 960 989 1009 ut
1038 957 1080 1005 tas
1092 950 1284 1022 superuenire,
1299 950 1416 1008 ciuitatis
1436 949 1513 1005 nobit
1538 960 1699 1005 eortoentnm
1719 949 1832 1005 seditio·

186 1061 244 1103 ase
254 1045 397 1101 damttatns
410 1045 569 1116 abjicerent,
583 1055 611 1100 et
625 1046 797 1102 semuncta
809 1055 911 1103 sancta
922 1061 988 1103 eon·
1038 1057 1156 1112 neotnue
1168 1040 1338 1110 cantarum,
1350 1041 1472 1098 dicctttes
1486 1057 1537 1098 nos
1556 1055 1665 1113 grauem
1687 1041 1835 1097 schismate

183 1138 339 1210 jungerent,
351 1146 433 1208 atque
447 1137 568 1207 patribus
579 1152 641 1193 uera
656 1136 809 1195 dicentibus
823 1153 987 1196 consensum
1037 1135 1140 1192 ciuitati
1163 1136 1322 1206 importasse
1345 1136 1490 1206 iniuriam,
1506 1136 1557 1192 nisi
1580 1136 1651 1202 illis,
1665 1135 1736 1206 qood
1758 1133 1834 1191 trefae

185 1227 437 1287 accontmodarent.
454 1227 507 1285 Sed
522 1228 560 1283 illi
575 1242 606 1285 se
620 1229 671 1285 froc
683 1228 804 1286 facturos
816 1231 926 1287 omniuo
938 1246 988 1289 na-
1037 1237 1107 1292 erat,
1123 1229 1386 1284 eontmon'tearemus
1402 1245 1409 1282 ι
1423 1236 1451 1284 et
1461 1228 1520 1283 baec
1535 1228 1689 1298 frequenter
1701 1226 1835 1282 acclama·

127 1351 129 1354 -
186 1322 297 1392 cabant.
1037 1318 1113 1376 bant.
1129 1318 1184 1378 tter
1195 1319 1270 1376 enim
1281 1319 1392 1375 otnniuo
1404 1319 1458 1376 illis
1471 1319 1670 1376 enmtnnnicne
1687 1319 1832 1386 noluimus,
1913 1387 1919 1396 q

223 1413 267 1468 fe.
284 1409 672 1486 Delepatereautraprteparte
691 1411 987 1472 ffmsstantmt'rtertdor
1038 1414 1092 1472 nisi
1110 1429 1159 1471 eos
1179 1431 1249 1486 quos
1271 1414 1460 1470 damnavimus
1474 1413 1666 1485 projecissent,
1680 1422 1708 1468 et
1721 1411 1832 1484 dignum

187 1513 347 1576 properant.
360 1533 397 1548 -
411 1503 613 1561 Altrrcautibns
625 1504 805 1572 igituraobis,
816 1515 988 1563 emerserunt
1038 1508 1170 1565 bonorem
1185 1508 1307 1566 Concilio
1320 1505 1440 1565 brientio
1453 1509 1613 1563 tribuerant.

186 1598 306 1670 quinque
317 1597 438 1670 episcopi
448 1612 483 1653 ex
497 1596 618 1667 partibus
633 1596 753 1662 nostris,
768 1598 815 1668 qui
827 1598 987 1670 superstites
1074 1601 1120 1658 fb.
1138 1600 1209 1670 Quos
1223 1601 1342 1657 miratos
1362 1599 1521 1671 predicant,
1536 1600 1713 1654 mnmaoioru
1725 1597 1834 1652 daturos

186 1690 222 1747 de
240 1700 447 1746 sestonumero
461 1703 572 1756 eorum,
588 1689 633 1761 qui
659 1688 693 1745 ad
718 1689 864 1747 Maiestam
890 1690 987 1748 disecti
1037 1711 1095 1752 aare
1117 1703 1318 1766 uersarentur.
1342 1721 1378 1736 ·-
1401 1693 1468 1760 Quae
1496 1707 1562 1749 rere
1584 1692 1635 1761 ipsi
1654 1692 1772 1763 egerint,
1791 1689 1836 1744 uel

186 1782 303 1853 fuerant,
319 1792 515 1849 remanserant,
528 1791 557 1839 et
571 1782 651 1839 talem
667 1782 722 1839 illis
736 1783 875 1853 optionem
887 1799 987 1857 propo·
1002 1786 1121 1858 Boetia
1133 1786 1278 1844 concilium
1292 1784 1453 1851 habuerint,
1469 1784 1532 1840 ltine
1545 1783 1685 1841 addiscere
1700 1783 1833 1855 poteritis.

187 1886 257 1933 rtnnt
271 1894 280 1934 a
296 1877 443 1934 mittendos
454 1892 516 1935 esse
529 1892 562 1934 ea
577 1885 693 1948 utroque
710 1877 828 1935 coodfio
845 1880 988 1950 eutropes
1037 1881 1105 1939 Nam
1128 1882 1303 1954 Protogenes,
1328 1883 1400 1938 sient
1423 1895 1504 1951 supra
1528 1880 1656 1947 diximus,
1680 1879 1751 1950 apud
1776 1884 1837 1933 actu

187 1969 294 2041 aliquos
306 1973 340 2027 ad
356 1972 426 2036 foca,
437 1970 465 2027 in
474 1972 572 2043 quibus
584 1972 750 2030 dtbaoasius
758 1973 862 2030 scelera
874 1973 989 2044 mutia·
1038 1973 1270 2030 anathematizans
1283 1973 1440 2030 uercdten
1453 1981 1482 2028 rr
1497 1973 1620 2038 Panium,
1637 1980 1729 2042 postea
1744 1983 1794 2027 eos
1807 1969 1836 2025 lrr

187 2078 242 2133 que
253 2062 404 2130 commisit,
421 2073 450 2121 ot
464 2064 517 2122 sub
530 2064 721 2122 testificatione
732 2065 781 2122 Dei
794 2076 890 2123 euama
902 2048 989 2124 fideli·
1038 2066 1259 2123 romotnnionem
1270 2067 1400 2136 suscepit.
1412 2065 1570 2137 bionysicnr
1583 2079 1648 2119 uero
1661 2062 1700 2137 (a)
1712 2063 1746 2117 ab
1761 2061 1836 2118 filies

188 2161 231 2210 ter
244 2155 409 2221 scriberen13
423 2164 452 2211 et
464 2156 487 2210 si
499 2155 566 2211 falsa
587 2156 695 2214 inventa
708 2157 808 2214 inerint
822 2174 882 2230 nure
895 2160 988 2216 eonci-
1038 2158 1319 2230 praemonueram,
1332 2173 1413 2230 quem
1424 2157 1477 2228 fpal
1491 2165 1686 2228 esponderunt,
1701 2154 1730 2210 fn
1745 2151 1838 2210 ernet-

189 2248 228 2305 lie
242 2248 434 2313 nuntiavimus,
451 2249 504 2319 ipsi
517 2250 687 2318 damnemur,
703 2264 755 2308 nac
769 2252 989 2323 imperatoribus,
1039 2252 1078 2307 lio
1091 2250 1253 2308 babeam
1265 2249 1351 2307 Simul
1363 2263 1467 2316 mcum,
1482 2257 1510 2303 et
1524 2255 1694 2318 exponentes
1708 2255 1736 2302 et
1753 2258 1838 2315 capue

190 2355 242 2398 uec
255 2341 387 2408 concino,
405 2356 455 2399 nec
475 2341 600 2413 eniqttarn
621 2344 750 2414 episeopo
771 2358 988 2418 conqueramura
1038 2343 1086 2401 riti
1098 2343 1324 2416 ,judieesmrel
1344 2341 1579 2399 oommunicsotes
1597 2340 1726 2413 austeris
1745 2336 1838 2394 utrina

190 2433 262 2505 quod
278 2435 300 2492 ai
317 2449 409 2491 rerum
424 2436 578 2492 constiterit
589 2436 661 2507 quod
673 2445 738 2494 aute
748 2437 878 2504 diximus,
892 2438 925 2494 ad
939 2453 989 2494 nu-
1039 2441 1218 2507 pertractanti
1242 2435 1356 2491 {amum
1368 2443 1461 2489 antem
1483 2432 1518 2489 da
1542 2430 1708 2488 bittcletiana
1729 2428 1838 2485 civitate

192 2542 299 2584 merom
315 2536 436 2583 nostrum
451 2542 484 2583 ex
497 2527 573 2584 robis
587 2544 657 2599 quos
669 2528 818 2600 delegistis,
831 2530 858 2585 id
873 2540 931 2597 cst,
943 2533 989 2602 qui
1039 2527 1068 2583 io
1080 2526 1189 2597 flagitiis
1202 2525 1407 2595 maioriburqm
1416 2522 1563 2588 detectum,
1579 2529 1607 2576 et
1626 2520 1725 2575 merito
1736 2518 1771 2574 de
1784 2517 1837 2589 ὃν

190 2619 340 2680 Attranasio
354 2628 416 2691 pest
429 2619 630 2676 damnationem
645 2623 924 2690 communicauerunt,
940 2624 989 2682 sed
1040 2619 1083 2675 ria
1104 2619 1289 2689 deportatum,
1312 2618 1508 2673 ordinaverunt
1529 2615 1714 2684 episcopum:
1736 2610 1838 2681 quique

191 2720 276 2769 eleos
287 2712 331 2783 qui
343 2711 670 2770 armatasteetttareette
683 2711 804 2770 fautores
817 2714 990 2772 ‹tetamorer-
1040 2712 1111 2783 apud
1134 2713 1209 2782 ipsos
1225 2711 1386 2769 redemtios
1409 2710 1504 2766 ritem
1518 2708 1653 2773 detectos,
1666 2714 1696 2762 at
1713 2704 1748 2760 ab
1769 2702 1838 2774 ipsis

190 2818 245 2876 que
257 2812 331 2867 sunt,
341 2818 521 2874 exponamus,
536 2819 586 2861 uec
601 2805 827 2877 imperatoribus,
838 2823 888 2864 nec
898 2808 991 2874 cenci·
1040 2807 1194 2873 damturtut,
1211 2822 1275 2862 eunt
1289 2805 1356 2876 ipsis
1369 2803 1450 2860 bodie
1466 2801 1646 2858 videturesse
1666 2797 1836 2861 cottlbuelfff·

191 2894 241 2963 lio,
254 2895 339 2969 050
351 2909 402 2951 occ
411 2895 539 2966 culquam
552 2897 681 2966 episcopo
693 2896 777 2967 auaui
788 2905 912 2958 reseras
924 2913 990 2956 ceu·
1041 2902 1077 2960 lit
1087 2902 1150 2974 quia
1164 2902 1191 2957 io
1204 2900 1243 2972 (it
1256 2898 1509 2957 Titesseionicenuie
1522 2896 1667 2967 meconem
1683 2892 1767 2966 050
1781 2889 1838 2946 fro·

190 2997 348 3062 queantur.
361 2987 437 3046 lianc
458 2988 597 3060 optionem
610 3005 625 3046 a
636 2990 738 3047 uostris
757 2993 923 3062 propositam
940 2994 991 3049 0s·
1040 3004 1155 3066 quanter
1163 2993 1263 3065 probra
1271 2993 1355 3048 tnulta
1363 2987 1648 3061 criminaquenbpecit,
1656 2985 1728 3057 quod
1736 2984 1839 3044 dteeret

189 3082 247 3139 ⁸5⁰⁵
258 3088 287 3139 ⁰³
301 3080 466 3155 Pf⁰²⁰f⁰fl⁰⁸
484 3094 635 3154 omnesque
647 3095 744 3141 eorum
763 3084 830 3141 well
851 3086 990 3156 iustitium
1040 3089 1118 3147 iilam
1127 3088 1293 3146 coambiens
1304 3086 1468 3145 etbaboisse
1477 3094 1504 3141 et
1515 3080 1679 3145 babere,cui
1688 3077 1839 3137 commoni·

191 3180 349 3236 illuderunt·
1001 3174 1027 3241 C
1039 3183 1356 3255 carenumqrtatnroluit,
1364 3195 1504 3237 trutturero
1512 3176 1692 3233 inatnicitiam
1701 3181 1836 3244 receptus,

227 3270 272 3327 fd.
298 3270 416 3327 sardice
438 3280 605 3346 rorrprepator
632 3272 772 3339 infamaret.
795 3301 833 3317 -·
853 3273 988 3333 immensa
1038 3279 1114 3348 qnasi
1124 3277 1245 3348 pejorum
1253 3274 1392 3331 consortio
1405 3280 1581 3353 exprimatur,
1591 3267 1663 3338 apud
1673 3265 1838 3336 ipsoslrabm

189 3373 280 3420 autern
292 3361 463 3419 conduxerat
473 3364 507 3420 ad
526 3364 668 3422 Serdicam
683 3366 828 3423 utnltitudo
841 3369 989 3427 redemto-
1039 3381 1083 3426 tut·
1102 3375 1132 3425 ut
1149 3370 1248 3439 justus.
1260 3368 1391 3435 Asclepas
1406 3372 1513 3428 antem,
1526 3378 1587 3418 cnm
1600 3360 1635 3417 ad
1645 3357 1837 3415 Constantino·

189 3471 250 3512 rom
263 3458 382 3514 omniunt
400 3471 433 3513 ae
453 3458 631 3527 perditorum,
647 3459 848 3518 adventantium
864 3462 899 3519 de
912 3464 986 3519 lion·
1037 3460 1123 3532 polim
1139 3460 1278 3517 ciuitatem
1291 3468 1405 3529 propter
1418 3455 1532 3511 Paulum
1554 3454 1690 3518 uertisset,
1707 3460 1768 3522 post
1783 3450 1837 3504 im·

189 3548 377 3619 stantinopoli,
392 3550 428 3604 de
445 3548 609 3606 Alexandria
625 3567 633 3605 a
649 3551 694 3621 otri
715 3553 754 3608 rei
767 3552 985 3625 homicidiorum,
1038 3556 1198 3609 manitatem
1207 3550 1543 3617 rerumatrocitatemnue,
1556 3543 1696 3601 oomntisit·
1706 3556 1766 3613 qum
1780 3553 1838 3596 ntea

190 3644 229 3697 rei
239 3643 388 3713 sangrriois,
399 3644 438 3698 rel
448 3643 542 3707 eredis,
554 3642 594 3699 rei
605 3643 819 3712 marocenorum,
829 3646 868 3701 rei
883 3648 988 3716 praeda·
1036 3645 1083 3701 dia
1105 3647 1132 3700 in
1145 3642 1262 3701 noneste
1280 3638 1581 3710 Cortsmntiuopolitana
1595 3643 1671 3708 gesta
1685 3640 1758 3701 sunu
1776 3643 1838 3701 post

189 3749 261 3797 rum,
273 3736 311 3789 rei
324 3734 483 3802 spoliorum,
498 3733 730 3807 nefandorumque
743 3737 863 3792 nuntium
873 3739 987 3795 saerile·
1037 3738 1113 3794 mille
1124 3734 1282 3799 ltomicidia,
1297 3749 1359 3805 qum
1378 3733 1474 3787 altaria
1492 3731 1550 3802 ipsa
1566 3731 1683 3785 immane
1706 3724 1838 3793 sanguine

188 3825 297 3898 piorum
315 3838 342 3882 et
359 3827 504 3883 criminum
525 3828 583 3894 retr
598 3829 644 3900 qni
666 3828 760 3884 altaria
775 3828 985 3901 confregerunt,
1037 3829 1296 3898 coinquinaverunt,
1307 3835 1366 3898 post
1381 3823 1584 3881 interfectiones
1595 3819 1838 3877 fratromerstinc·

188 3921 316 3977 ccclesias
338 3920 526 3986 incenderant,
540 3921 690 3994 domosque
703 3923 869 3994 privatorum
884 3924 988 3995 compi·
1038 3922 1184 3993 tieaesque
1206 3918 1367 3991 pontillum,
1390 3916 1526 3987 bodieqne
1551 3930 1614 3971 oum
1641 3913 1734 3975 Panlo,
1758 3910 1837 3981 cnjus

187 4013 311 4070 faverunt
323 4028 331 4078 3
342 4012 532 4085 profanatores
544 4014 735 4086 mysteriorum
745 4015 805 4082 liei,
818 4014 988 4093 proditores·
1037 4027 1122 4070 eausa
1131 4013 1190 4068 buo
1202 4020 1278 4083 poeta
1293 4022 1366 4077 sunt,
1381 4009 1583 4066 communicare
1596 4021 1649 4062 oon
1661 4014 1751 4061 cessat
1769 4003 1837 4059 :sad

186 4120 241 4177 qne
254 4113 486 4161 merartmoromrn
499 4105 617 4174 Christi3
630 4109 675 4178 qni
688 4108 799 4179 impiam
813 4108 989 4169 sceleratam·
1037 4104 1192 4177 cattinum
1208 4121 1258 4179 per
1270 4104 1415 4176 Asclepam
1429 4102 1512 4159 l'aulo
1533 4099 1753 4161 commntricaot,
1767 4095 1838 4151 neci·

186 4212 239 4268 que
264 4197 454 4254 baereticorum
476 4197 628 4255 doctrinam
649 4209 743 4256 contra
763 4200 893 4261 Ecclesiae
906 4201 988 4261 ddetn
1038 4198 1299 4275 pimtesabasdsm
1321 4199 1422 4269 scripta
1441 4194 1567 4267 attinerd
1586 4195 1662 4251 titum
1686 4192 1836 4247 oritterrtrst

185 4299 349 4357 asserentes,
360 4291 579 4362 sapientissimos
590 4292 766 4365 presbyteros
776 4294 835 4359 bei,
846 4295 988 4364 diacones,
1038 4296 1079 4353 fir
1091 4294 1143 4351 bac
1153 4293 1236 4367 lpitttr
1244 4292 1444 4366 coagulatione,
1453 4299 1534 4361 atntte
1544 4304 1578 4346 es
1593 4287 1760 4359 perditorum
1772 4298 1836 4339 corr·

190 4384 350 4441 sacerdotes
363 4385 494 4441 atrociter
518 4383 741 4444 demactaverunt
757 4405 765 4443 a
779 4398 808 4445 et
825 4404 874 4445 eoa
893 4404 989 4448 ornnes
1038 4388 1298 4462 procumbentem
1307 4385 1426 4458 potuerit
1437 4382 1569 4440 eelebmrl
1580 4379 1735 4440 concilium.
1746 4379 1839 4450 inquo

188 4490 282 4532 secum
294 4474 425 4532 collectos
446 4476 474 4532 io
488 4492 541 4532 suo
561 4479 754 4536 conventiculo
773 4479 926 4540 babuerunt
939 4483 990 4539 bs·
1039 4482 1140 4554 flagitia
1155 4494 1204 4537 sua
1219 4495 1273 4536 non
1287 4486 1342 4534 tant
1356 4477 1522 4548 pertrabant,
1536 4489 1616 4547 qoam
1636 4469 1838 4545 apttnscefeutf

184 4570 242 4625 sius
256 4576 286 4626 ct
299 4568 484 4639 Protogenen
499 4584 601 4640 mentre
622 4569 800 4641 borroraotes,
818 4588 868 4630 oon
889 4556 1029 4631 0111an
1075 4574 1122 4631 if.
1136 4572 1186 4629 fiir
1199 4570 1546 4628 aduixeridrtrrctanti-
1560 4567 1618 4624 fian
1640 4566 1713 4623 ruint
1740 4578 1839 4622 secun-

184 4660 351 4721 diaoonesct
361 4659 575 4732 sacerdotesliei
588 4662 785 4733 despiciebant,
797 4666 859 4738 qnia
869 4681 921 4724 neo
931 4667 983 4739 ipsi
1037 4669 1103 4725 dotn
1119 4666 1156 4742 (c)
1173 4682 1233 4736 nor,
1247 4666 1293 4739 qui
1306 4664 1429 4722 ecclesiia
1451 4662 1628 4720 sanetfssfmie
1648 4658 1834 4732 presidemus,

183 4848 984 4993 uluittttl‘ltt‘uittttultirlltlltlltt
1035 4849 1837 4996 u‘tftltttt'ltu,tlttltdl'tttlttlttttt'‘tr

184 4990 266 5048 Sirm.
284 5001 373 5045 exstat
392 4993 425 5047 ob
440 4993 524 5049 Etim.
541 4992 629 5049 Faber
643 4993 764 5049 ediderat
781 4995 813 5048 ab
828 4992 921 5069 Edico.
932 4999 983 5052 Su·
1034 4996 1132 5052 Coust.
1160 5011 1221 5067 pne.
1235 4995 1299 5062 692,
1325 4995 1460 5052 Erernium
1484 4992 1755 5049 Thessalonicensem
1778 5005 1836 5045 tue-

183 5061 335 5133 perietibus
354 5062 522 5120 sardicensis
538 5064 636 5120 litteris
650 5063 704 5118 dno
725 5062 900 5120 subscribunt
921 5067 983 5122 llio-
1036 5078 1135 5135 irrorat,
1151 5066 1196 5122 cui
1210 5068 1252 5122 uis
1269 5067 1294 5121 in
1309 5065 1451 5122 Mediolon.
1465 5066 1581 5121 etrttcilin
1594 5062 1667 5117 illata
1684 5061 1734 5122 sit,
1749 5058 1837 5116 donec

182 5133 265 5256 Pell,
280 5146 349 5186 unns
361 5134 392 5188 ab
402 5133 499 5189 delanio
514 5136 545 5190 de
556 5133 697 5204 Liprredon,
707 5135 776 5191 after
784 5135 817 5188 ab
826 5136 936 5191 Arecido
951 5138 982 5193 de
1035 5140 1070 5193 ab
1081 5136 1221 5194 dtbatrusii
1231 5139 1421 5194 communione
1431 5153 1462 5193 se
1473 5150 1642 5193 rcoessurunt
1654 5130 1833 5203 promitteret.

208 5203 272 5258 lida.
288 5202 420 5260 Praeterea
443 5205 615 5272 dtltnnasins,
629 5207 743 5278 apetog.
761 5221 821 5278 pap.
837 5206 907 5274 bib,
919 5206 982 5264 uto·
1035 5208 1089 5265 Sed
1105 5208 1208 5263 rnrilnnt
1235 5209 1360 5264 novimus
1373 5207 1516 5264 loannem.
1533 5206 1581 5261 Vix
1597 5203 1734 5274 otnbipere
1760 5201 1832 5267 licet,

182 5276 251 5348 nysii
268 5268 378 5329 alcida
388 5276 412 5329 ἐν
422 5274 496 5337 Adule
511 5276 643 5331 rnetrtinft.
1034 5280 1099 5350 quin
1115 5279 1160 5334 bie
1174 5280 1242 5335 idem
1258 5289 1382 5345 notetur,
1394 5279 1439 5349 qui
1451 5280 1477 5333 lu
1494 5276 1646 5334 Sardicoosi
1661 5270 1765 5347 spnttdo
1779 5273 1833 5328 flc-

219 5342 258 5416 (ὁ)
274 5344 302 5400 ltr
317 5356 368 5400 ms.
382 5344 463 5402 Strut.
478 5344 683 5402 Tesaolonicenai
699 5342 861 5418 Profopenir.
875 5348 904 5405 Si
920 5344 981 5407 loco
1032 5348 1213 5407 ciderttafibns
1224 5350 1335 5420 junctus
1347 5349 1505 5410 subscribit.
1519 5358 1573 5404 nou
1588 5344 1713 5411 loannes,
1725 5344 1771 5399 sed
1781 5342 1834 5399 Ae·

182 5415 265 5470 Proto
283 5417 349 5480 cnia,
362 5424 466 5474 motato
479 5430 508 5473 ut
519 5434 593 5489 supe
608 5420 637 5473 fit
649 5420 657 5472 i
670 5416 697 5475 in
710 5435 725 5474 e
739 5418 842 5489 legatur
854 5418 977 5492 Protope-
1032 5422 1126 5478 tln'ttrc
1137 5420 1290 5479 fleumata
1303 5422 1336 5476 de
1351 5419 1543 5476 Tbearafonico·
1553 5414 1723 5477 Fottcetianr
1736 5414 1834 5471 litterae

180 5502 243 5553 nca;
257 5436 399 5550 eluctetur.
415 5506 467 5543 non
481 5491 637 5560 episcopum
651 5484 810 5545 Tbessafon.
822 5490 977 5561 Protogeni,
1033 5494 1059 5547 io
1084 5510 1139 5549 non
1161 5502 1225 5549 satu
1237 5494 1342 5562 prinam,
1359 5492 1407 5547 sed
1424 5501 1567 5561 postremae
1580 5490 1699 5545 ttotuittis
1713 5485 1833 5557 episcopi

180 5558 228 5613 sed
245 5557 422 5629 Pruttrgenem
437 5560 565 5632 episcope
584 5556 746 5616 fitessalon.
762 5561 845 5616 inulta
865 5565 979 5618 crimina
1033 5562 1296 5621 'litessalnnicensie
1314 5563 1444 5634 Adeoque
1455 5561 1521 5618 ttiftil
1537 5570 1611 5616 rotat
1625 5576 1681 5630 quo
1693 5555 1784 5615 rniuus
1795 5556 1833 5615 le·

180 5630 324 5698 objecisse.
339 5627 417 5701 Apud
433 5630 567 5689 lmlrfreum
583 5639 673 5687 exstat
685 5634 798 5687 loannes
810 5631 978 5691 Tireranloui·
1031 5645 1122 5706 gater.
1133 5634 1224 5691 Acilio
1239 5635 1459 5693 fimsmoniccnri
1472 5634 1638 5705 Prompetrrs,
1652 5642 1706 5689 cto.

180 5701 279 5768 cetaria,
294 5708 323 5757 er
341 5704 368 5756 iu
384 5712 468 5774 marg.
483 5700 716 5760 Tfrersolonircnri.
736 5702 814 5774 Quod
840 5708 877 5761 sit
898 5704 979 5777 buius
1070 5705 1108 5779 (a)
1118 5708 1169 5765 llio
1183 5708 1353 5766 desideratur
1366 5726 1411 5767 ror
1423 5724 1433 5765 .·
1446 5723 1478 5764 sc
1495 5718 1585 5779 postea
1604 5704 1645 5759 bis
1656 5699 1832 5773 repetendum

179 5768 432 5835 Ttrcssafonlceosls
442 5772 563 5848 episcopi
577 5784 688 5845 rtouten,
704 5790 758 5834 uon
769 5787 885 5836 constat.
902 5772 978 5841 Enri-
1033 5788 1107 5841 estet
1118 5780 1230 5845 uerbum
1243 5788 1437 5856 auumrputa,
1449 5795 1500 5838 narr
1510 5780 1578 5841 anim
1589 5775 1728 5835 murdim
1738 5788 1782 5839 Μ
1793 5771 1833 5847 tut
