4209 6250
256 303 292 363 se
858 274 1301 367 sunantttatnnaetseon
1877 320 1912 377 aa

258 417 448 491 imprudentia}
461 431 556 486 sensu,
572 417 621 477 sed
637 425 741 475 naturae
755 426 856 475 nostra
868 418 1035 476 conscientia
1050 436 1057 474 :
1071 419 1099 482 A

258 521 288 569 ut
301 511 372 585 quod
387 512 561 586 cogitationis
576 521 693 569 murena
711 514 781 569 ratio
802 528 857 570 non
879 513 1008 585 concipit,
1031 514 1058 570 ld

257 605 339 663 nobis
359 622 467 663 rursum
490 607 560 661 ratio
579 605 680 663 diuinae
703 605 810 663 virtutis
838 606 966 663 insinuet.
989 606 1057 664 (luto

258 700 332 756 enlm
348 700 483 769 recognita
497 699 621 756 stultitiae
642 710 744 756 nostres
764 699 951 772 intelligentia,
973 701 1059 773 impe-

258 793 349 850 uitium
361 793 492 849 naturalis
515 792 541 847 in
567 794 645 850 nobis
668 792 858 862 imprudentiae
880 796 1058 865 settserlmus,

259 892 317 940 tttm
333 882 494 954 perditione
509 883 650 954 sapientise
661 885 831 956 prudentiam
844 885 879 942 ad
895 885 942 942 liei
957 888 1060 957 sapien·

259 976 324 1032 tiam
350 975 503 1032 intbuemur
527 995 534 1032 ε
556 992 619 1033 eum
641 979 701 1033 siue
723 977 804 1034 mado
826 979 938 1035 tirttttos
958 979 1006 1037 oet
1027 996 1060 1037 ac

260 1078 422 1141 potestatem
445 1071 599 1139 metiamur,
623 1087 684 1127 cnm
709 1082 813 1128 natrano
837 1072 981 1129 liomlnum
1004 1089 1058 1129 non

260 1160 330 1219 intra
356 1163 493 1219 naturales
517 1163 591 1234 leges
612 1163 798 1233 cohibeamus,
822 1181 885 1223 com
901 1164 1059 1239 >incenium

259 1253 294 1311 de
309 1254 366 1311 lieo
379 1254 449 1312 bene
468 1254 544 1312 credi
566 1256 756 1328 intelligamus,
773 1257 806 1313 ad
820 1258 892 1330 quod
905 1258 940 1315 de
958 1274 987 1315 se
999 1273 1061 1317 cre·

259 1345 377 1402 dandum
400 1348 460 1420 ipse
481 1347 532 1405 sibi
555 1348 696 1406 nobiscum
720 1359 748 1405 et
763 1350 840 1407 lestis
858 1359 886 1407 et
904 1358 1060 1407 auctoret-

258 1440 347 1499 sistat.

435 1577 561 1651 6970
579 1574 683 1633 [ABER
696 1576 870 1646 QUARTUS.

260 1718 451 1779 Gatltolieorutn
464 1724 655 1793 simplicitatem
676 1726 798 1781 aduersus
811 1726 968 1781 Arionoram
988 1737 1060 1783 astus

295 1817 397 1872 munire
423 1819 582 1890 aggreditur.
610 1818 677 1874 lt'atn
700 1820 731 1874 ob
756 1835 812 1873 rent
833 1834 890 1890 aare
910 1819 1014 1875 illerum
1029 1816 1099 1877 oeli

296 1907 398 1966 Cbristo
413 1911 446 1967 sit
469 1913 595 1967 sententia
615 1912 730 1985 seponit.
747 1909 816 1967 Tum
833 1912 946 1983 delendis
961 1910 986 1966 F
987 1912 1060 1968 ilium

297 2002 375 2060 Patre·
386 2006 548 2063 ltomousion
560 2023 591 2061 ae
599 2019 707 2076 semper
721 2004 813 2070 lttisse,
825 2015 850 2061 et
866 2023 885 2060 a
900 2006 987 2078 pratis
999 2022 1061 2064 sen-

296 2100 379 2166 sibus,
396 2099 489 2171 quibus
503 2099 663 2154 necessarias
676 2097 736 2154 illas
750 2113 822 2154 uoces
832 2101 991 2172 supprimere
1004 2108 1062 2155 ten-

297 2200 370 2255 tant,
395 2189 540 2247 Ecclesiam
560 2190 699 2246 abbonere
722 2191 846 2247 declarm.
863 2191 956 2247 Allrttis
970 2191 1063 2248 deirtde

298 2284 378 2338 uariis
392 2282 539 2355 Scriptura
551 2283 714 2351 molummis,
724 2281 817 2355 auibus
827 2282 926 2339 Filiunt
935 2301 952 2339 a
962 2295 1063 2340 rumurte

298 2380 392 2433 diuina
400 2378 560 2449 possessione
568 2378 1063 2448 eaelnsumesseueteratorieinsinuant,

296 2472 424 2539 intepraut
446 2467 548 2524 colibet
570 2468 631 2538 fidei
656 2471 860 2541 propassionem,
885 2487 963 2542 guent
987 2471 1064 2526 Arius

296 2562 458 2618 Alexandria
472 2564 562 2630 pulsus
576 2560 672 2633 aliique
685 2564 767 2636 ipsius
782 2563 899 2633 partibus
915 2564 1012 2619 addicti
1030 2565 1065 2619 od

297 2656 477 2712 Alexandrum
488 2655 628 2710 antistitem
638 2654 866 2727 eniseruntllujtts
878 2656 997 2725 deinceps
1008 2657 1064 2723 pri-

296 2766 366 2805 tnnrn
379 2759 489 2820 partem,
505 2750 545 2804 leis
558 2753 670 2805 marinae
679 2752 766 2806 salsam
778 2752 870 2818 uerbis,
883 2752 953 2809 Audi
968 2750 1062 2820 lsrael,

299 2843 430 2898 Dominus
454 2841 526 2898 Deus
539 2850 602 2898 tuus
630 2858 699 2899 unus
714 2851 776 2913 est,
805 2845 880 2913 anesi
896 2846 1018 2899 nimirum
1031 2846 1064 2899 iis

300 2935 404 3007 llupses
429 2934 513 2990 [lenm
537 2952 589 2990 nen
612 2937 689 2990 nteda
708 2946 824 3005 minan,
852 2938 897 2993 sed
916 2950 938 2993 et
953 2955 1064 3009 persona

299 3043 382 3084 anans
396 3028 561 3098 praedicarit,
585 3028 673 3082 ntultis
694 3032 788 3101 refutat
803 3045 813 3083 .·
836 3031 995 3098 ostenditque
1008 3043 1063 3086 tarn

301 3140 333 3178 ec
342 3122 469 3178 creatione
483 3119 584 3188 mundi,
596 3131 648 3175 tunt
659 3137 691 3176 ea
700 3121 883 3192 pluribusrisis
891 3122 967 3194 laetu
980 3120 1062 3197 Agar,

302 3214 423 3276 Abrabae,
436 3212 518 3269 laceb
532 3223 555 3267 et
570 3212 666 3285 blegsi,
678 3215 819 3269 tumeliam
832 3232 864 3271 eo
876 3195 1100 3287 l’repltetnratnC

303 3309 471 3377 testimoniis,
498 3324 529 3362 nc
551 3308 703 3363 nominatim
723 3307 809 3381 llopsi
822 3351 829 3374 ,
844 3309 1064 3384 Psalmograplti,

304 3402 388 3468 Osee,
403 3400 492 3457 Esaiae
503 3418 533 3456 ac
547 3400 671 3467 Boruelt,
686 3402 739 3456 siue
754 3413 782 3456 ut
808 3412 901 3469 uocat,
924 3402 1065 3472 ieremias,

303 3493 386 3550 Deusta
400 3494 447 3549 etsi
460 3504 556 3549 natam
570 3509 659 3557 annm,
673 3509 725 3549 non
740 3504 825 3550 aetiten
840 3511 895 3549 esse
907 3495 1064 3562 solitarium,

302 3585 348 3641 sed
363 3585 445 3655 filium
469 3585 572 3650 babere,
586 3585 631 3656 gui
642 3600 701 3639 cnm
712 3585 770 3656 ipso
783 3585 924 3641 diuinitatis
938 3596 962 3642 et
976 3602 1069 3641 ttotrten

304 3681 414 3736 obtitteat
425 3686 450 3733 et
462 3687 594 3734 amaram.

268 3774 307 3830 lle
321 3773 386 3829 risis
402 3774 428 3828 in
442 3788 476 3828 en
488 3771 746 3843 expositisquaedam
760 3769 986 3828 obseruanda-
1002 3770 1070 3840 Quia

304 3881 364 3921 uere
379 3867 458 3940 liujus
472 3881 504 3919 ac
516 3864 692 3935 subsequentis
705 3863 765 3919 libri
785 3873 936 3935 argumenta
951 3865 1071 3935 pleraque

305 3958 423 4012 nitantur
446 3957 506 4013 uisis
536 3957 763 4030 patriarchatuum
788 3972 874 4028 operte
895 3959 1006 4029 pretium
1032 3965 1071 4012 est

306 4049 431 4104 nonnulla
442 4049 474 4103 de
484 4049 517 4103 lis
532 4050 647 4121 profari.
661 4047 789 4103 Constans
802 4050 874 4121 opud
894 4058 988 4105 uelem
1002 4050 1073 4105 oide-

308 4150 350 4196 tur
366 4141 462 4211 opirue,
481 4139 579 4195 Filium
594 4143 626 4196 ab
640 4141 714 4196 initio
737 4142 827 4196 rnattdi
848 4142 927 4197 uariis
941 4159 968 4198 se
989 4144 1073 4198 modis

240 4295 244 4302 ¹
309 4232 453 4287 ltotttinibus
469 4233 632 4303 spectabilem
655 4232 804 4303 prebuisse.
836 4233 890 4289 ttae
911 4235 1004 4290 diserte
1023 4236 1072 4290 do·

308 4335 364 4379 rent
387 4322 506 4377 lustinus
519 4335 628 4395 ntartgr,
649 4321 774 4392 ireneus,
793 4323 927 4397 Origenes,
942 4324 1074 4399 Tlteoplti-

308 4418 349 4473 lus
365 4415 497 4483 Actiacis,
512 4416 630 4473 Clemens
652 4417 806 4480 Alexandr..
820 4415 1007 4485 Tertullianus,
1023 4416 1074 4491 cp·

309 4511 427 4584 prianns,
450 4509 541 4564 l'atres
562 4508 715 4565 Antiecltetti
728 4509 830 4566 concilii
849 4521 939 4566 contro
959 4508 1072 4565 Pauluur

310 4604 454 4668 Sttrttosat.,
464 4612 491 4657 ut
502 4604 633 4658 mittantur
643 4602 797 4658 Faustinum
810 4601 1002 4675 Presbyterum,
1010 4604 1072 4657 Ant·
1085 4577 1112 4639 Ῑ)

309 4697 432 4762 brasium,
446 4694 576 4762 Leonem,
599 4695 712 4762 aliosque
735 4695 872 4765 plurimes.
889 4693 943 4749 Sed
958 4710 989 4748 ne
999 4694 1073 4748 abiis

309 4790 411 4859 attidem
424 4789 471 4841 ltoe
485 4797 604 4858 negatam
615 4798 663 4853 est,
675 4788 719 4854 nui
733 4788 794 4842 Ario
805 4786 934 4857 iacebant.
951 4785 1072 4857 idipsum

310 4881 405 4952 passim
420 4879 544 4949 praedicnt
559 4875 685 4932 Eusebius
696 4878 724 4932 in
747 4877 790 4933 lib.
810 4877 883 4935 oen.
900 4876 961 4948 Eu,
977 4886 1001 4934 et
1014 4877 1073 4935 Sir-

310 4976 405 5029 ntienre
428 4972 565 5028 concillum
587 4981 677 5028 centra
693 4969 833 5027 Pltotinunt
847 4988 892 5027 ees
912 4971 1075 5030 mtatltematc

312 5068 416 5122 dantnat
427 5067 470 5137 aui
483 5066 559 5121 aliter
570 5065 705 5120 temeritas.

277 5158 330 5213 Sed
343 5174 400 5212 cunt
410 5159 438 5212 in
448 5159 497 5211 ltac
507 5157 625 5211 doctrina
637 5155 754 5227 fraudent
769 5157 852 5211 moliti
865 5157 917 5211 sint
934 5156 1035 5226 Ariani,
1046 5167 1075 5213 ut

314 5248 338 5303 F
338 5249 422 5315 ilirntt,
437 5250 482 5320 qni
503 5247 611 5305 risibilis
631 5266 661 5302 uc
675 5249 744 5301 uisus
760 5249 805 5316 sit,
821 5265 837 5302 a
854 5247 933 5305 Patre
953 5250 1076 5308 invisibili

313 5353 406 5399 statura
430 5343 581 5400 dissimilem
603 5341 789 5411 praedicarem
813 5342 865 5396 alte
888 5342 1073 5410 retentatam,

312 5446 415 5492 sanctos
439 5436 532 5492 Patres
543 5437 583 5490 ita
596 5433 681 5489 deant
701 5434 783 5489 ntuttt
807 5437 955 5503 emeruisse,
970 5446 999 5489 nt
1017 5449 1075 5491 eum

314 5529 457 5602 Appenino
468 5529 514 5585 lib.
529 5544 546 5584 tt
562 5539 651 5584 centra
663 5525 845 5595 Montninatn,
864 5545 922 5600 rap.
933 5528 1017 5596 idm.
1031 5530 1076 5598 li,

314 5625 456 5690 arriserint,
470 5624 638 5680 diuinitatem
652 5639 706 5678 nun
727 5623 967 5695 perseuerantiam
986 5639 1074 5691 suom,

317 5715 344 5769 in
372 5730 426 5784 nna
455 5714 597 5769 irrrisiltilis
629 5722 658 5768 et
681 5714 857 5770 ittunulabilis
868 5723 930 5780 est,
954 5712 1002 5769 sed
1028 5729 1078 5785 per

316 5817 467 5861 ereaturam
482 5804 531 5858 sibi
548 5804 697 5870 sttltieotam
719 5804 872 5860 martellum
896 5802 982 5861 oculis
996 5814 1079 5874 eppa·

1147 423 1235 479 ruisse
1248 438 1310 481 eunt
1320 424 1414 482 noluit.
1426 426 1463 481 Ac
1474 442 1506 482 ne
1516 428 1652 500 peregrino
1666 429 1716 487 ltuc
1724 431 1910 503 amassenus,

1146 514 1262 586 locuples
1283 515 1361 586 bajus
1374 518 1412 572 rei
1425 519 1497 574 testis
1516 530 1554 574 est
1570 520 1597 575 11
1600 521 1701 588 ilarius,
1713 523 1759 579 lib.
1775 541 1823 592 xit,
1836 544 1865 583 n.
1876 528 1911 584 ts

1146 614 1171 660 et
1184 604 1231 662 16.
1247 604 1339 678 Certe,
1360 609 1454 675 innuit,
1467 611 1513 681 nui
1529 620 1592 666 aute
1607 612 1732 684 angelus,
1748 620 1911 676 nuncetiam

1147 697 1229 757 homo
1242 711 1282 756 est
1306 717 1360 759 :ne
1375 704 1527 759 naturalem
1552 705 1621 762 ltanc
1636 722 1697 764 esse
1717 709 1767 765 Dei
1792 712 1911 783 speeiem

1148 793 1292 851 diuersitas
1306 793 1387 864 liuius
1408 796 1493 865 ipsius
1508 808 1653 868 assuntplae
1675 804 1824 860 creationis
1837 816 1912 875 pate·

1147 893 1223 940 retur
1236 886 1360 958 intelligi.
1377 885 1462 943 Adest
1474 899 1564 944 antem
1585 891 1670 947 laceb
1684 892 1763 949 etiam
1778 911 1863 968 usqne
1878 898 1912 955 aa

1148 980 1227 1037 lttctae
1241 983 1413 1053 complexum
1437 985 1464 1039 in
1491 984 1582 1041 ltabitu
1600 985 1753 1043 brantune...
1769 991 1823 1047 Sed
1840 991 1910 1048 idem

1148 1082 1240 1143 postea
1255 1081 1282 1128 et
1301 1073 1388 1146 iloysi
1403 1091 1464 1130 esse
1485 1077 1555 1147 ignis
1570 1078 1723 1136 ostenditur
1739 1099 1746 1135 ε
1762 1091 1791 1138 ut
1805 1087 1911 1141 nature

1148 1173 1248 1221 creatae
1263 1175 1318 1220 tum
1333 1167 1423 1236 potius
1437 1167 1470 1222 ad
1486 1169 1623 1238 speciem,
1642 1188 1723 1242 quam
1738 1175 1772 1229 sd
1786 1177 1913 1233 susbstan-

1148 1259 1213 1313 tism
1235 1266 1359 1325 naturae,
1387 1260 1468 1316 ludent
1494 1262 1627 1321 disceres.
1652 1268 1732 1321 Aartte
1752 1268 1913 1342 Augustinus

1147 1353 1222 1423 epist.
1239 1351 1382 1417 aliusnon,
1393 1371 1461 1409 nune
1472 1370 1575 1423 oxortu,
1587 1374 1657 1412 tttrm.
1668 1357 1715 1424 20,
1730 1360 1757 1415 in
1769 1361 1816 1416 illa
1827 1362 1913 1435 liopsi

1148 1443 1232 1509 uerbo,
1248 1445 1275 1500 Si
1289 1444 1378 1500 inueni
1397 1448 1511 1517 gratiam
1526 1458 1589 1504 onte
1607 1461 1643 1515 te,
1658 1450 1772 1508 ostende
1785 1453 1849 1508 ntilti
1874 1465 1913 1512 tc·

1149 1537 1304 1606 ntctipsnm.
1325 1537 1394 1606 Quid
1409 1554 1492 1609 ergo,
1510 1539 1614 1609 ittanitl
1631 1539 1680 1597 tlte
1694 1558 1746 1597 non
1761 1554 1819 1599 crat
1834 1546 1914 1615 lpsci

1147 1631 1175 1690 Si
1191 1648 1244 1688 nan
1259 1643 1332 1688 esset
1346 1634 1414 1704 ipse,
1429 1650 1482 1688 rton
1498 1634 1524 1690 oi
1538 1635 1651 1703 diceret,
1666 1638 1780 1694 ostonde
1795 1639 1861 1695 milti
1874 1651 1914 1696 te·

1148 1725 1312 1796 metipsum,
1337 1726 1524 1797 sebastenis
1539 1729 1622 1784 lientn
1638 1745 1645 1785 :
1661 1740 1689 1786 et
1713 1734 1839 1789 tamensi
1854 1733 1914 1805 ejus

1148 1827 1273 1873 molturam
1286 1818 1519 1891 substantiamque
1528 1823 1707 1893 conspiceret,
1724 1823 1811 1880 multo
1824 1827 1913 1884 minus

1148 1906 1262 1973 diceret,
1283 1911 1397 1966 ostendo
1416 1911 1482 1967 milti
1498 1913 1680 1983 temetipsum.
1697 1914 1758 1986 lpse
1770 1933 1835 1989 ergo
1854 1928 1913 1976 erat

1148 2001 1175 2056 io
1186 2016 1218 2058 ea
1226 2003 1327 2072 specie,
1335 2018 1385 2074 qua
1395 2019 1526 2074 apparere
1537 2007 1659 2063 uoluerat
1670 2026 1677 2061 :
1689 2024 1743 2065 non
1752 2019 1840 2067 autern
1856 2011 1912 2083 ipse

1149 2096 1298 2168 apparebat
1313 2097 1340 2153 in
1354 2104 1448 2153 natura
1462 2100 1588 2170 proptia,
1604 2115 1685 2171 qnam
1701 2101 1807 2175 lioyses
1820 2104 1913 2162 videre

1149 2189 1285 2259 cupiebat.

1116 2284 1148 2342 Si
1161 2302 1194 2341 eo
1208 2284 1335 2356 proximis
1347 2283 1492 2354 Scriptura
1503 2285 1586 2340 uerbis
1599 2286 1683 2356 ipsunt
1699 2286 1781 2343 Deum
1795 2289 1913 2361 allapsa

1150 2377 1232 2433 ointm
1246 2374 1406 2449 Aupnstinus
1425 2387 1494 2432 reete
1508 2379 1639 2445 usserttit,·
1663 2379 1721 2452 pari
1739 2381 1838 2435 ratione
1851 2398 1913 2436 ean·

1150 2470 1292 2525 cedendum
1316 2481 1352 2525 est
1371 2471 1457 2538 ipsam
1478 2469 1563 2525 Deum
1582 2472 1664 2527 adem
1692 2471 1777 2544 Mopsi
1796 2475 1825 2528 in
1850 2475 1914 2529 rubo

1151 2563 1265 2618 dixisse:
1281 2561 1338 2632 Ego
1353 2578 1412 2617 sum
1435 2563 1504 2619 Dens
1519 2564 1675 2627 Abraltont,
1700 2575 1761 2631 etc,
1777 2582 1914 2638 cernatque

1151 2656 1236 2711 ileum
1249 2655 1320 2730 Agar
1330 2657 1471 2713 allocutam
1485 2673 1549 2725 esse,
1563 2659 1605 2713 eui
1618 2658 1737 2713 clantoait
1752 2674 1761 2713 :
1774 2659 1814 2715 Tu
1828 2660 1912 2728 licus,

1150 2747 1196 2819 qni
1207 2749 1352 2815 adspexisti
1370 2764 1421 2804 nte.
1434 2748 1524 2819 Neque
1538 2750 1671 2805 beeetiam
1683 2761 1776 2823 negant
1783 2752 1803 2805 ii
1809 2750 1913 2820 Patres,

1150 2843 1193 2912 qui
1204 2841 1231 2894 in
1245 2842 1305 2896 uisis
1319 2840 1372 2894 illis
1385 2856 1456 2896 ueros
1468 2842 1579 2911 Angelos
1593 2842 1724 2897 adstitisse
1737 2844 1913 2899 arbitrantur.

1151 2931 1214 2987 Nan
1229 2934 1298 2987 ruint
1318 2932 1466 2987 emeliorent
1485 2934 1590 3004 angelos
1614 2934 1672 2989 illos
1696 2933 1745 2989 Dei
1767 2951 1798 2989 ae
1812 2934 1916 2991 liontiui

1150 3041 1242 3080 nonten
1256 3026 1306 3079 sibi
1318 3026 1476 3093 attribuisse,
1490 3026 1552 3094 qaia
1567 3037 1593 3081 at
1607 3027 1684 3099 legati
1699 3027 1746 3082 oet
1764 3045 1794 3083 oc
1809 3025 1916 3087 Domini

1151 3120 1254 3175 nemine
1267 3119 1454 3189 loquebantur,·
1469 3125 1525 3191 quis
1538 3121 1605 3174 enittt
1625 3120 1725 3192 legatus
1735 3122 1817 3194 regis,
1833 3122 1915 3195 inape·

1151 3213 1257 3276 satoris,
1271 3223 1317 3266 ant
1331 3214 1458 3283 pritrelpis
1471 3213 1519 3267 sibi
1530 3225 1631 3286 erropet
1644 3231 1752 3280 rrotncn,
1768 3216 1842 3288 eujus
1856 3232 1915 3289 per·

1152 3321 1241 3358 sonant
1251 3305 1431 3375 represserunt?
1440 3305 1484 3359 sed
1497 3305 1555 3360 idea
1561 3308 1734 3378 pericarpum
1748 3306 1815 3360 Deus
1825 3307 1917 3375 ipsein

1153 3397 1206 3452 illis
1219 3395 1500 3470 loquebaturffllioc
1513 3399 1606 3460 diserte
1619 3398 1854 3453 decettltltannsius
1869 3398 1915 3455 (ir.

1154 3503 1181 3542 tv
1193 3498 1260 3543 corut.
1272 3489 1375 3555 Arima,
1388 3505 1447 3561 pag.
1460 3488 1533 3545 tot:
1550 3489 1574 3544 ls
1587 3490 1708 3562 quidem,
1723 3493 1768 3563 qui
1784 3474 1919 3547 scoticlta·

1156 3590 1199 3635 tur
1214 3580 1308 3648 cottiis,
1326 3580 1438 3653 angelus
1449 3592 1517 3648 erat,
1530 3583 1576 3638 sed
1594 3583 1700 3639 [leusio
1714 3587 1809 3655 angelo
1823 3584 1917 3653 lonne-

1154 3672 1244 3729 betttr.
1255 3672 1322 3728 Nam
1333 3672 1560 3743 auetttudrnodum
1571 3673 1598 3728 ln
1611 3677 1736 3731 columna
1748 3677 1826 3731 nubis
1836 3677 1918 3732 rerba

1156 3764 1190 3820 etl
1206 3764 1317 3838 lioysen
1331 3766 1357 3821 itt
1372 3766 1546 3821 tabenaculo
1563 3764 1699 3834 laeieltat,
1715 3771 1751 3822 ita
1765 3784 1872 3839 quoquo
1891 3769 1918 3823 in

1156 3862 1259 3932 attgelis
1274 3863 1423 3934 apparebat
1437 3863 1551 3934 innuens
1569 3864 1651 3919 Deus.
1678 3861 1719 3916 lta
1745 3874 1768 3917 et
1790 3861 1921 3933 llierettp·
1963 3902 1979 3922 .

1158 3972 1224 4019 ntus,
1240 3972 1298 4026 cap.
1319 3971 1347 4010 ιιι
1361 3998 1368 4021 ,
1388 3957 1423 4010 eu
1436 3956 1495 4013 Gal.
1514 3957 1610 4025 :Quod
1625 3969 1728 4019 autent,
1743 3956 1790 4021 ait,
1807 3955 1859 4011 Lex
1875 3971 1920 4009 ttr-

1120 4101 1123 4110 ,
1158 4047 1249 4103 dinato
1276 4064 1323 4117 per
1342 4048 1471 4121 Angelos,
1489 4049 1539 4104 ltn'e
1565 4050 1621 4104 vult
1646 4048 1770 4120 intelllgi,
1793 4047 1864 4119 quod
1893 4047 1919 4124 in

1159 4141 1232 4195 ntnni
1247 4141 1332 4196 reteri
1347 4140 1532 4205 Testamenta,
1543 4141 1587 4197 ulti
1602 4140 1837 4213 angelusprimum
1849 4138 1921 4195 tistts

1158 4233 1286 4299 celentur,
1302 4247 1328 4287 et
1343 4245 1435 4303 postea
1457 4234 1532 4305 nansi
1554 4235 1624 4288 Deus
1640 4229 1753 4304 lnqttens
1767 4230 1920 4297 inducitur,

1158 4326 1271 4398 artgclus
1295 4327 1403 4396 quidem
1428 4343 1491 4382 rere
1516 4342 1548 4382 eta
1572 4325 1703 4381 ministris
1728 4323 1922 4395 pluribusntti·

1159 4434 1276 4490 cumque
1288 4420 1323 4475 sit
1335 4421 1428 4485 uisus,
1455 4420 1501 4475 sctl
1519 4422 1543 4474 in
1564 4420 1611 4476 illo
1629 4421 1760 4476 ntetliator
1776 4420 1921 4491 loquatur,

1161 4512 1206 4582 qni
1221 4510 1292 4565 diunt
1308 4529 1315 4563 ι
1335 4511 1408 4581 «Ego
1422 4527 1482 4566 sunt
1497 4512 1567 4568 Deus
1580 4510 1745 4567 Abntlttttn.»
1762 4509 1812 4565 Ht's
1825 4511 1922 4565 aceedit

1160 4603 1336 4672 Aupustinus,
1351 4600 1369 4656 l.
1387 4619 1405 4657 tt
1419 4613 1507 4657 contra
1530 4602 1680 4666 Monimou,
1697 4620 1755 4673 cap.
1776 4601 1822 4667 td,
1837 4619 1864 4656 n.
1877 4601 1922 4655 tt.

1160 4692 1283 4761 Quaero,
1311 4693 1413 4762 inquit,
1436 4696 1498 4765 attis
1524 4694 1679 4764 apparuerit
1701 4693 1786 4765 illapsi
1810 4693 1836 4746 in
1862 4690 1924 4762 igne

1159 4785 1267 4856 artando
1288 4785 1373 4841 rubus
1393 4784 1625 4854 inflammabatur,
1654 4796 1681 4841 et
1704 4800 1757 4840 tton
1784 4784 1921 4839 utebatur.

1160 4879 1328 4952 Quatmquam
1356 4888 1383 4935 et
1410 4879 1465 4936 illic
1489 4882 1613 4952 angelum
1644 4879 1802 4951 apparuisse
1833 4875 1925 4946 Scrip-

1162 4982 1221 5028 tura
1238 4973 1294 5044 ipsa
1308 4971 1476 5029 declarat...
1492 4972 1521 5028 ln
1532 4971 1630 5043 angelo
1643 4981 1733 5027 autern
1747 4972 1831 5024 Deum
1842 4967 1925 5023 luisse

1160 5065 1224 5138 quis
1241 5066 1369 5123 dubitat
1391 5065 1475 5122 lueto
1496 5068 1543 5121 laos
1558 5067 1696 5137 Gregorius
1712 5081 1788 5134 papa,
1807 5062 1882 5132 prael.
1898 5063 1926 5115 in

1162 5159 1224 5225 lob,
1238 5160 1291 5215 oi
1307 5178 1315 5215 r
1330 5161 1460 5232 Angelus,
1473 5159 1518 5231 qui
1534 5158 1619 5231 bioysi
1634 5159 1791 5229 apparttisse
1805 5155 1902 5212 dicitur
1916 5196 1924 5219 ,

1162 5251 1244 5307 modu
1262 5252 1383 5322 attgelus,
1409 5252 1489 5308 modo
1512 5253 1583 5308 licus
1606 5260 1781 5308 memoratur.
1806 5247 1927 5320 Angelus

1164 5343 1289 5401 uidelicet
1303 5353 1413 5413 propter
1426 5344 1478 5401 ltoc
1489 5347 1560 5416 guod
1574 5345 1694 5400 euterius
1715 5343 1852 5412 lunttendo
1865 5355 1925 5395 ser·

1164 5434 1274 5500 aiebam
1292 5435 1421 5491 bantinus
1434 5447 1524 5491 antem
1539 5435 1647 5505 dieitur,
1660 5437 1721 5507 natio
1734 5433 1846 5491 litterius
1858 5449 1928 5505 pra·-

1165 5524 1269 5591 sidens,
1284 5524 1412 5595 lotpuendi
1426 5527 1572 5584 ellieaeiant
1589 5528 1768 5582 tninistraltat.
1783 5523 1850 5580 Cuttt
1863 5539 1928 5595 ergo

1167 5618 1279 5690 loquens
1297 5621 1416 5678 exterius
1429 5622 1464 5677 ab
1476 5620 1599 5678 interiori
1618 5622 1730 5691 regitur,
1743 5631 1771 5676 et
1790 5636 1839 5691 per
1851 5620 1930 5675 absa·

1167 5710 1259 5782 quium
1272 5712 1396 5784 angulas,
1411 5721 1438 5769 et
1455 5728 1503 5785 per
1517 5711 1721 5781 incusationem
1737 5712 1868 5767 bonanus
1879 5723 1929 5764 nos

1126 5799 1129 5808 ’
1167 5806 1293 5862 ntlnantr.
