4209 6250
235 221 290 279 ste
830 219 953 279 S.lNC'ii
973 218 1103 294 ditionii
1130 218 1283 278 dilston!
1836 224 1891 282 stt

237 335 286 391 niti
301 336 328 390 in
343 351 372 393 se
398 336 532 405 ueritate,
555 333 703 392 seeundum
719 334 809 390 carnis
831 334 1015 390 ittdrmitatem
1028 375 1036 402 ,
1051 337 1078 398 A

237 429 343 500 iletnm,
359 447 496 500 somnum,
509 430 639 498 inediam,
653 431 743 499 sitim,
759 429 962 498 lassitudinem,
978 445 1037 487 me·

239 534 315 593 tum,
340 525 399 595 pari
419 538 531 579 necesse
545 532 586 577 cst
605 521 754 578 seettndutn
771 522 909 578 ltotninem
922 531 1036 587 nunna,

239 615 461 687 dieiotqueitorn
468 614 602 684 prodesses
611 629 673 671 esso
683 614 849 685 intelligatur
859 613 1037 672 inscientiam.

398 754 578 827 319320
601 754 702 810 tantu
722 751 880 812 DECIMUS.

241 891 322 948 Totus
335 901 371 947 est
385 891 509 948 aduersus
523 909 576 961 eos,
590 893 749 966 quinalium
768 895 795 950 in
809 891 914 950 Citristo
930 895 1042 952 uolctttet

276 1003 331 1043 esse
350 985 538 1053 substantiam,
566 1004 623 1059 qntc
642 1005 694 1044 non
718 989 744 1042 itt
774 990 893 1062 pastione
918 991 1041 1058 doluerit,

277 1078 375 1133 nnllam
396 1093 453 1148 qne
472 1078 503 1133 ab
518 1082 619 1142 esurie,
634 1081 677 1134 siti
690 1122 697 1145 ,
711 1082 834 1147 tristitia,
851 1082 942 1136 tintore
957 1080 1044 1137 aliena

278 1174 369 1244 quaesit,
382 1172 481 1228 ditium
495 1173 671 1244 professionis
685 1184 842 1246 uatttrseque
854 1174 1042 1242 immemores,

278 1266 313 1319 nd
335 1276 524 1336 argumentum
553 1267 699 1336 isnpietatis
726 1282 809 1333 suut,
834 1266 1045 1337 dispensationis

279 1367 355 1429 gestu
370 1368 398 1412 et
409 1357 479 1413 dictu
494 1367 637 1413 tenuerunt
657 1358 738 1433 (Lib.
754 1374 775 1424 t,
790 1376 817 1413 n.
833 1358 899 1429 52).
929 1357 1046 1427 Qttortttn

280 1452 326 1506 olii
341 1447 470 1505 Citristam
494 1452 640 1507 asserebam
664 1467 762 1506 tnerttnt
786 1451 998 1518 esteltotttiaent,
1018 1451 1046 1507 iu

280 1544 359 1614 cttjtts
373 1544 512 1610 antianum,
529 1560 580 1599 nun
592 1543 724 1614 sitttples,
745 1544 789 1599 sed
808 1558 941 1600 nortatus
959 1555 1048 1600 tuctus

284 1636 401 1694 tristitia
428 1637 594 1693 iotntinentis
619 1637 765 1702 inciderit,
789 1638 834 1706 qai
861 1645 1049 1692 consternatus

283 1729 365 1786 luerit
378 1729 513 1801 passionis
525 1745 716 1798 necessitate,
728 1741 754 1785 et
767 1746 842 1801 pitens
852 1729 997 1787 obtinuerit
1009 1728 1049 1786 tis
1064 1733 1088 1793 B

285 1820 387 1876 doloris
402 1822 412 1894 l
424 1819 506 1887 ibid,
523 1839 549 1875 n.
565 1822 620 1891 ³3).
634 1822 686 1876 tilii
702 1821 815 1876 Verbum
829 1838 886 1876 catu
898 1837 976 1876 carne
989 1837 1051 1876 con-

284 1914 436 1985 sensiones,
453 1912 535 1984 officio
548 1913 642 1967 orsinae
656 1916 773 1985 [attotam
793 1930 848 1968 ests
865 1912 1050 1985 predicabant.

287 2003 343 2059 Nec
358 2007 461 2060 tleerattt
481 2006 525 2072 qni
543 2004 627 2073 ipsunt
644 2003 676 2058 ab
690 2002 793 2059 ltotninc
813 2021 920 2077 morsus
931 2021 1053 2076 separan-

287 2106 323 2149 tes
341 2137 348 2162 ,
364 2096 461 2149 nullam
474 2094 544 2149 illios
556 2095 583 2149 itt
597 2094 699 2152 Citristo
711 2097 874 2165 praesentium
894 2096 1052 2166 fatebuntur,

289 2186 340 2239 taisi
352 2202 428 2257 quant
441 2188 468 2240 in
482 2185 613 2257 propinetis
626 2189 795 2259 apnoscintas.
820 2188 934 2245 ilarsmtt
953 2190 1055 2245 discre-

287 2289 377 2351 pantes
393 2280 625 2351 complectebantur
644 2282 802 2350 marentius,
822 2299 881 2337 cunt
896 2281 991 2338 curua
1002 2300 1054 2339 noa

288 2371 366 2427 tanda
384 2387 498 2440 caraem,
519 2372 565 2427 ted
577 2382 599 2428 et
612 2373 725 2428 animant
740 2373 772 2429 alt
786 2374 868 2429 Adam
886 2385 1055 2448 propopatans

288 2469 440 2532 scttticntes,
456 2477 482 2522 at
498 2466 648 2538 Scripturas
662 2466 813 2536 eluderent,
835 2469 926 2540 quibas
941 2470 973 2524 de
984 2471 1055 2526 coelis

290 2557 449 2613 descendisse
461 2559 634 2629 siqaifieatur,
645 2560 875 2616 descensamillnnt
887 2579 938 2617 non
953 2563 986 2618 tle
995 2581 1056 2636 per-

292 2671 356 2711 sona
371 2652 449 2710 Verbi
462 2669 565 2708 carnem
577 2652 627 2708 sibi
636 2666 791 2724 assanteate,
806 2655 851 2711 ted
863 2656 895 2710 de
907 2657 965 2727 ipsa
979 2672 1055 2715 carue

289 2767 304 2807 c
315 2749 385 2805 caelis
396 2748 501 2804 aduecta
515 2749 758 2819 interpretabantur.

255 2843 351 2901 Contra
366 2842 427 2898 illos
439 2841 573 2898 bertricus
593 2843 713 2899 Hilarius
728 2860 757 2899 eo
771 2853 799 2899 at
820 2844 962 2917 plurimum
974 2846 1057 2901 utitur

291 2937 435 3007 arqumenti
445 2951 547 3007 qenere,
558 2953 608 3009 qao
620 2938 648 2991 in
661 2937 715 2993 suis
730 2938 846 3007 ipsoram
860 2939 991 2993 sententiis
1004 2953 1056 2994 non

292 3039 427 3086 succurrat
444 3031 482 3086 eit
498 3031 567 3101 qaod
584 3041 721 3100 reponant.
747 3031 823 3099 Quod
841 3042 927 3087 autent
945 3032 1056 3087 alienant

294 3122 408 3195 Operam
421 3121 495 3178 initio
509 3132 596 3195 roqut,
609 3124 637 3178 itl
651 3125 674 3180 ei
687 3126 799 3179 atacinus
815 3125 843 3179 t‘n
857 3121 905 3180 boc
918 3124 984 3180 libro
994 3142 1056 3180 eou-
1069 3118 1093 3185 C

295 3215 455 3283 cedendam,
468 3232 500 3270 ne
520 3215 615 3272 scilicet
630 3215 662 3271 de
677 3217 734 3287 ipso
748 3225 807 3270 ante
817 3216 894 3286 patent
910 3216 1055 3288 judicetur.

292 3311 324 3369 st
336 3311 399 3382 qaid
411 3312 480 3367 enim
490 3309 639 3379 offendiculi
653 3312 758 3382 patiant
774 3311 868 3376 initia,
883 3311 944 3384 pais
954 3310 1056 3366 locabit.

296 3405 458 3474 Quamquam
479 3405 595 3476 ecposita
613 3403 819 3459 aduersariorum
833 3403 958 3459 setttentia
981 3403 1059 3474 facile

1126 346 1149 391 et
1161 335 1271 409 attqelici
1283 338 1417 393 tttiuisterii
1424 341 1570 412 expendens
1580 359 1683 410 cnttsas,
1695 358 1753 398 eam
1763 358 1816 398 non
1827 340 1889 407 sibi,

1125 431 1171 486 sed
1189 430 1319 502 apostatis
1334 433 1431 487 tristent
1454 435 1554 506 foisse,
1578 451 1681 504 orasse,
1708 445 1731 491 et
1746 435 1778 490 ab
1793 435 1892 506 tapeto

1126 524 1297 590 confortatum
1310 540 1365 579 este
1379 540 1534 598 propnqnat.
1558 526 1626 582 Tum
1649 528 1761 597 quinque
1780 526 1892 580 naturis

1126 615 1286 687 sequentibus
1299 627 1401 671 cnttrtnt
1411 633 1468 687 quoe
1477 616 1594 674 Citrirtut
1608 622 1634 673 in
1645 619 1765 692 passione
1774 617 1892 692 petebas·

1127 709 1162 762 rit
1185 707 1278 763 diainrc
1298 709 1490 779 ontnipoteatitc
1510 726 1565 765 stite
1586 711 1660 782 siqua
1676 709 1790 780 :quibas
1815 708 1893 779 lucide

1128 809 1273 873 appareat,
1294 801 1392 856 doloris
1413 803 1608 871 suecessitotcta,
1627 804 1678 859 ains
1692 820 1722 857 nc
1742 802 1852 857 dedecus
1865 801 1894 855 itt

1129 911 1188 950 cant
1199 910 1250 950 non
1260 897 1413 957 conuenire.
1430 898 1475 968 qni
1489 904 1561 952 tanta
1571 898 1701 968 potnerit:
1719 906 1745 953 et
1759 913 1818 951 enm
1837 895 1895 964 qui-

1131 986 1189 1040 dem
1201 987 1350 1043 secundnm
1370 987 1507 1044 bttminotn
1523 1004 1572 1059 pro
1591 989 1669 1044 nttltis
1684 987 1789 1045 inilrms
1801 987 1894 1045 outnia

1131 1080 1184 1151 pati
1198 1120 1206 1147 ,
1219 1080 1267 1137 sed
1282 1082 1429 1138 secundam
1445 1083 1528 1137 deum
1551 1084 1576 1137 itt
1599 1081 1641 1139 itis
1658 1082 1787 1139 omnibus
1799 1079 1895 1138 trium·

1133 1173 1217 1242 pltare
1229 1171 1313 1244 (stunt.
1329 1175 1386 1245 iii.

1097 1265 1168 1321 Hiac
1182 1267 1321 1322 aduersarii
1334 1283 1421 1323 uocem
1434 1267 1530 1323 Ciristi
1549 1267 1675 1343 objiciam
1695 1283 1722 1323 se
1745 1265 1897 1322 derelictam

1134 1360 1279 1415 clatnantit.
1303 1360 1369 1428 Qate
1382 1370 1467 1417 autent
1481 1362 1586 1416 illarum
1598 1362 1630 1415 de
1646 1359 1750 1417 disticte
1763 1360 1828 1431 {ides
1842 1360 1896 1426 sit,

1134 1456 1248 1511 declarat
1270 1471 1392 1511 ttameras
1413 1455 1459 1513 tu.
1490 1457 1526 1511 dc
1544 1455 1651 1511 subinde
1669 1452 1898 1525 multisoppositis

1135 1549 1318 1622 questionibus
1331 1550 1364 1605 de
1378 1547 1474 1604 Christi
1489 1561 1548 1605 crta
1562 1548 1720 1619 tetttpornli,
1743 1549 1826 1618 peta,
1842 1545 1899 1600 atti-

1137 1658 1187 1697 ntta
1201 1644 1326 1713 ponendae
1339 1659 1369 1697 oc
1382 1641 1540 1697 resttmeudte
1550 1651 1695 1715 potestate,
1710 1641 1818 1711 spiritns
1829 1655 1900 1694 cetu·

1139 1737 1301 1792 mendatione
1326 1745 1350 1791 ct
1374 1736 1530 1802 traditione,
1559 1751 1616 1808 qttte
1642 1751 1701 1790 cum
1725 1732 1902 1790 liutericaratn

1138 1829 1257 1884 doctrina
1277 1828 1412 1883 conciliari
1433 1838 1578 1900 torqueant,
1603 1826 1700 1881 tradant
1726 1841 1814 1880 earam
1828 1823 1904 1879 soluit

1138 1936 1210 1974 ttutn.
1224 1919 1270 1985 dl,
1286 1936 1319 1975 ec
1333 1920 1384 1990 pale
1401 1918 1535 1986 decuriae,
1551 1935 1677 1988 qnoecam
1689 1916 1787 1973 Christi
1798 1926 1904 1972 taturus

1140 2013 1352 2085 nonconsnndat,
1367 2028 1412 2068 nec
1424 2013 1522 2068 diuidat
1536 2027 1670 2085 perscitus,
1689 2013 1717 2066 itt
1730 2027 1781 2066 ano
1803 2011 1906 2065 eodem·

1139 2121 1188 2177 que
1201 2105 1304 2162 Christo
1317 2104 1394 2161 babet
1408 2115 1620 2177 cottqtterentem
1642 2103 1676 2161 ad
1690 2115 1805 2161 mortem
1826 2103 1906 2159 telio·

1142 2207 1197 2254 tuto
1212 2212 1243 2254 se
1256 2212 1327 2266 esse,
1344 2198 1502 2270 quinimmo
1525 2207 1585 2264 est,
1608 2207 1631 2253 ct
1644 2212 1705 2253 outo
1725 2196 1771 2268 qui
1792 2195 1908 2251 ntoritur

1141 2290 1313 2361 profitentem
1337 2306 1367 2348 se
1395 2291 1422 2346 in
1444 2289 1570 2361 paradiso
1597 2302 1728 2363 regnare,
1753 2289 1817 2360 quia
1836 2286 1908 2343 Dens

1144 2391 1197 2440 est.
1219 2381 1322 2440 intuta
1347 2381 1467 2438 Hilarius
1490 2381 1552 2453 fidet
1575 2381 1749 2437 teneritatem
1772 2394 1843 2433 more
1860 2393 1908 2433 sno

1142 2477 1302 2533 commendat
1314 2494 1324 2533 .·
1335 2493 1384 2549 quo
1394 2476 1567 2548 arroqantiam
1580 2473 1699 2532 retmtdnt
1719 2471 1908 2536 tarenorum,

1142 2571 1319 2645 321-322
1333 2571 1376 2642 qui
1387 2566 1483 2626 Clttistt'
1506 2568 1627 2641 ntqstetia
1648 2584 1674 2623 te
1693 2564 1905 2637 coatpreltcodere

1138 2664 1303 2740 jactitabant.
1329 2662 1363 2720 dt
1386 2664 1454 2718 enim
1479 2663 1557 2718 tradit
1580 2659 1737 2716 Athanasius
1750 2657 1785 2712 ad
1810 2656 1908 2711 enicem
2008 2663 2014 2672 ·

1142 2759 1162 2812 l.
1174 2754 1442 2814 destinauerunt.
1453 2756 1482 2811 G.
1495 2753 1680 2826 qttidininituti
1687 2752 1746 2822 ejus
1755 2749 1906 2821 passionem

1143 2849 1310 2917 adscribunt,
1323 2858 1371 2905 aut
1383 2849 1430 2921 qni
1445 2847 1606 2904 humanitati
1617 2846 1678 2916 ejus
1689 2843 1769 2901 iidem
1782 2859 1834 2898 nen
1860 2842 1908 2897 ita-

1143 2942 1218 3009 bent,
1235 2951 1281 2998 unt
1301 2941 1346 3013 qni
1361 2956 1442 2996 ustum
1458 2941 1483 2995 in
1497 2939 1551 2995 dno
1569 2947 1706 3009 separant,
1716 2936 1735 2990 ii
1746 2934 1836 2992 earnis
1849 2935 1909 3004 ejus

1143 3034 1340 3091 dimensionem
1352 3032 1464 3101 loeium,
1476 3042 1502 3087 et
1514 3045 1636 3096 ananam
1647 3038 1672 3085 et
1680 3036 1909 3097 onauonopsaeter

1144 3143 1236 3185 socrus
1250 3127 1403 3200 Scripturas
1425 3126 1576 3192 delituunt,
1591 3126 1621 3184 τὸ
1640 3121 1817 3186 adstrictior
1830 3122 1906 3197 rcapti

1144 3228 1192 3286 cite
1206 3225 1305 3300 γραφὰς
1316 3224 1396 3299 iiqtsn
1409 3224 1563 3297 τολμῶντες.

1148 3400 1173 3455 l.
1195 3397 1379 3454 dissidentium
1391 3399 1574 3454 settteatinrum
1583 3410 1744 3470 quaranta.
1759 3391 1909 3450 Doctrinattt

290 3500 446 3575 judicatur,
462 3500 500 3554 tel
512 3500 595 3554 solam
613 3517 630 3555 a
644 3498 752 3565 dolore,
773 3506 862 3563 meta,
880 3497 984 3552 tristitia
1004 3498 1059 3553 esi·
1110 3492 1208 3567 placiti,
1223 3508 1274 3547 non
1288 3492 1394 3547 rationis
1407 3501 1541 3547 sectantes.
1555 3520 1593 3532 -
1606 3488 1664 3545 Noa
1678 3499 1720 3545 est
1741 3487 1908 3558 antbigunm,

294 3608 362 3648 ntere
382 3591 478 3648 Cbtisti
494 3592 670 3658 diuinitatem·
693 3589 732 3645 tel
744 3589 884 3645 itomanam
897 3589 969 3644 illius
984 3598 1059 3645 nuta·

294 3705 351 3744 ram
366 3705 383 3744 tt
396 3686 589 3743 dominantibus
607 3687 741 3741 dumtaxat
762 3694 786 3740 et
799 3686 895 3740 coactis
910 3682 1060 3756 bajasutotii

295 3779 473 3849 affectionibus
496 3780 637 3835 eittdicore.
673 3778 746 3834 illari
770 3780 849 3834 etiam
876 3777 1061 3834 attendendam

294 3875 363 3948 qaod
373 3874 512 3949 Greqorias
525 3872 606 3946 Nqsr.
622 3872 670 3927 Or.
685 3886 703 3926 tt
716 3881 806 3927 contra
821 3870 931 3927 Ettttont
948 3870 1061 3928 aTbeo·

296 3971 396 4037 doceto,
412 3967 484 4022 Diei.
501 3983 542 4030 nt,
555 3966 677 4020 laudatas
691 3965 744 4021 ait:
755 3964 823 4021 Cutn
835 3967 907 4021 coint
922 3965 1020 4035 duplex
1033 3974 1062 4020 ct

295 4060 421 4131 ambigua
443 4064 480 4114 sit
498 4058 610 4128 opinio,
637 4057 823 4127 divinitasne,
847 4072 881 4112 att
909 4057 1061 4113 ttumaotns

296 4166 376 4225 passa
390 4151 442 4207 sit:
458 4151 538 4207 nnius
552 4148 675 4222 reiectio,
689 4149 800 4205 ulterius
810 4163 925 4220 prorsus
935 4150 986 4204 erit
1000 4163 1062 4205 coa·

296 4242 424 4317 sstmutio.

260 4331 587 4404 tumultuarentur.
604 4331 636 4400 9,
650 4332 756 4388 insanas
774 4331 952 4389 hereticorum
972 4344 1063 4391 eontra

296 4426 392 4484 Citristi
410 4427 569 4483 diuinitatem
582 4428 716 4498 opiniones
729 4442 855 4497 caponem
869 4426 951 4482 umal
960 4444 992 4483 ac
1004 4444 1062 4500 per·

1110 3598 1218 3640 ontncm
1232 3585 1341 3640 ltnmani
1353 3584 1454 3652 eloquii
1472 3597 1625 3640 stratonem
1640 3579 1845 3638 contradictioni
1860 3578 1912 3635 ob·

1111 3676 1221 3733 ttttrintn
1235 3691 1344 3748 semper
1363 3675 1445 3733 luisse
1461 3694 1467 3730 :
1482 3676 1544 3748 quia
1567 3674 1792 3731 dissentientibus
1811 3671 1909 3728 tolon·

1112 3781 1196 3829 totum
1217 3771 1347 3840 motibus,
1363 3767 1527 3827 dissentiens
1550 3781 1657 3839 quoque
1679 3764 1715 3821 sit
1736 3779 1832 3821 sensus
1852 3763 1908 3819 uni·

1112 3879 1237 3933 montm;
1252 3879 1313 3921 cura
1328 3862 1526 3920 aduersantium
1538 3860 1701 3932 indiciorum
1713 3859 1752 3932 (a)
1767 3855 1910 3914 affectione

1112 3972 1308 4030 eotnpnqaons,
1336 3955 1531 4013 assertionibus
1553 3953 1605 4021 lais,
1629 3953 1726 4024 quibus
1752 3949 1909 4016 offunditur,

1112 4052 1283 4111 contradicit.
1298 4051 1424 4123 Quanttis
1437 4050 1509 4106 etaim
1523 4061 1603 4103 otone
1618 4045 1721 4102 dietum
1733 4045 1790 4101 reri
1805 4043 1911 4101 ratione

1113 4146 1262 4219 perlectum
1274 4145 1327 4210 sit;
1343 4142 1510 4201 tumendum
1524 4141 1594 4197 uliud
1606 4141 1666 4197 aliis
1676 4149 1723 4195 aut
1733 4137 1850 4203 uidetur,
1865 4146 1912 4193 aut

1113 4241 1275 4312 complacet,
1293 4247 1366 4311 putet
1387 4237 1507 4295 totitatis
1528 4251 1618 4293 sermo
1639 4233 1843 4290 aduersantium
1868 4246 1910 4288 to·

1113 4334 1252 4406 sponsioni
1267 4351 1274 4388 ε
1290 4333 1353 4405 quia
1367 4342 1461 4389 eotttru
1476 4330 1614 4387 ueritatem
1626 4337 1732 4385 autnon
1748 4328 1911 4384 intellectam

1114 4434 1160 4482 aut
1172 4424 1364 4489 offendentem,
1379 4423 1421 4478 vel
1437 4421 1578 4480 statueret
1591 4422 1696 4478 uitiosae
1708 4419 1856 4477 tolutttatis
1867 4434 1910 4476 er-

296 4523 369 4594 seqai
380 4521 652 4595 nsnpiensmeiuceps,
664 4535 743 4592 usqae
753 4521 787 4574 od
800 4537 870 4575 nans.
884 4521 929 4585 56,
942 4521 974 4577 de
985 4523 1063 4577 ntirn·
1076 4516 1102 4577 D
1115 4536 1161 4576 tor
1174 4519 1313 4576 obstititnr.
1335 4516 1513 4574 lutmoderata
1535 4515 1609 4572 enint
1624 4526 1668 4574 est
1688 4514 1778 4573 omnis
1799 4528 1911 4585 suscep·

298 4616 343 4674 bili
361 4616 432 4672 illios
447 4615 611 4687 conceptione
621 4615 658 4669 ita
672 4612 795 4679 disserit,
815 4622 844 4667 at
868 4628 900 4667 es
916 4628 946 4666 ea
960 4621 1061 4668 atttartc
1114 4621 1201 4668 tarum
1224 4611 1390 4666 voluntatum
1413 4610 1559 4682 pertinacia
1586 4627 1593 4665 ε
1617 4619 1645 4666 et
1676 4607 1811 4666 indeflexo
1836 4614 1909 4664 motu

297 4720 392 4769 tooure
405 4710 535 4766 ueritatem
555 4726 572 4762 o
590 4705 743 4762 tatastat
759 4704 800 4759 sai
820 4703 981 4771 abolitione,
1005 4706 1062 4761 sinc
1113 4703 1152 4777 (b)
1167 4702 1328 4759 adversandi
1341 4702 1459 4758 studium
1475 4701 1606 4773 persistit,
1622 4701 1668 4758 ubi
1682 4715 1735 4758 non
1753 4700 1852 4759 rationi
1866 4714 1913 4757 ro·

296 4805 391 4862 nostris
403 4803 469 4858 uitiis
479 4810 620 4873 susceptam
631 4814 687 4854 esse
699 4797 863 4852 deotonstret.
888 4796 930 4851 Eu·
941 4814 990 4868 qao
1000 4814 1062 4852 cott—
1113 4797 1203 4853 luntus
1223 4795 1377 4866 subiicitur,
1402 4809 1453 4852 nee
1463 4793 1579 4851 studium
1593 4793 1723 4851 docttioae
1736 4790 1911 4866 impenditur,

295 4900 365 4970 ficit,
381 4895 512 4953 Citristam
525 4909 606 4950 anam
616 4891 801 4959 entndctnqtte,
821 4890 870 4947 etsi
882 4906 932 4945 nott
948 4890 1061 4947 lsntttana
1113 4891 1162 4948 sed
1176 4888 1218 4947 itis
1233 4889 1430 4961 ouunolnmus
1447 4889 1581 4946 rationem
1600 4888 1796 4960 conquirimus,
1812 4893 1841 4943 et
1869 4884 1912 4942 itis

297 4994 525 5065 leqeconceptam,
541 4997 626 5042 tamea
640 4994 665 5040 et
690 4982 911 5039 tnatnltominetn
924 4985 1060 5055 exstitisse,
1111 4999 1172 5057 quae
1199 4983 1339 5041 studemus
1362 4983 1513 5040 doctrinam
1537 4990 1696 5054 coaptamus
1730 4979 1847 5052 iamque
1860 4994 1912 5037 no·

294 5093 318 5139 et
332 5098 419 5138 oetam
432 5078 537 5136 deant:
551 5088 578 5133 nt
591 5094 677 5134 teram
691 5075 832 5139 ltontiacas,
847 5076 999 5146 passionum
1011 5092 1059 5132 na·
1114 5078 1196 5132 ntittis
1209 5078 1311 5148 potins,
1334 5090 1413 5148 quant
1427 5085 1543 5142 naturus,
1559 5074 1612 5132 erit
1625 5073 1749 5130 doctrino
1761 5087 1822 5145 quse
1835 5071 1914 5143 lingi-

296 5177 364 5232 toris
379 5174 533 5245 perosissunt
545 5187 616 5227 esse:
641 5167 773 5239 atabsqae
787 5167 894 5240 ariqittis
907 5177 1000 5225 nostre
1019 5170 1059 5223 oi·
1113 5177 1157 5226 tur
1173 5188 1181 5226 :
1197 5179 1224 5225 et
1246 5184 1300 5226 non
1321 5168 1377 5240 jam
1403 5168 1461 5225 neri
1487 5167 1606 5224 manebit
1626 5166 1707 5233 ratio,
1732 5164 1781 5221 sed
1801 5162 1912 5236 placitis

295 5268 338 5323 tiis
351 5277 517 5339 conceptam,
542 5262 698 5334 passionum
721 5269 865 5314 nostrornm
885 5275 936 5314 aton
958 5263 1061 5333 contec-
1111 5275 1193 5332 quam
1207 5259 1258 5316 sibi
1272 5260 1395 5316 volntttas
1408 5258 1493 5331 msqis
1503 5258 1537 5314 ad
1547 5257 1733 5316 defensionem
1747 5256 1911 5327 placentium

295 5370 349 5417 tarn
365 5376 420 5416 esst
434 5359 554 5428 injuriis3
570 5366 598 5412 at
610 5371 697 5412 onam
709 5351 809 5423 ileum,
825 5352 857 5408 ab
874 5355 967 5410 iisdem
981 5369 1058 5425 pror·
1111 5353 1288 5423 coaptaverit,
1303 5369 1357 5408 non
1369 5368 1431 5424 quau
1450 5352 1597 5409 uoluntatis
1607 5350 1763 5407 instinctum
1776 5364 1824 5421 per
1834 5347 1913 5405 intel·

295 5471 340 5510 sas
352 5453 432 5526 q'aisse
444 5452 567 5506 alanum.
1111 5445 1247 5519 liqetttiata
1263 5446 1320 5503 reri
1339 5447 1509 5505 rationabilis
1529 5444 1661 5503 incitabit.
1685 5443 1737 5501 Pet
1760 5445 1819 5502 use
1831 5444 1912 5515 igitur

258 5544 363 5607 aaran
375 5562 453 5617 usqae
477 5542 511 5598 od
523 5559 594 5599 nam.
607 5541 644 5599 45
655 5581 664 5608 ,
677 5539 787 5596 tristitie
800 5539 902 5610 ipsias,
913 5536 1058 5608 maionis,
1110 5539 1176 5597 sitia
1197 5540 1378 5599 studiosarum
1403 5541 1570 5598 tolutttatuot
1585 5553 1681 5597 omnes
1703 5537 1907 5595 adversantium

305 5665 333 5733 a)
352 5659 524 5731 usitatio.
538 5666 567 5715 et
578 5657 624 5714 alii
639 5658 774 5722 nonnulli,
789 5656 940 5723 auerrione.
965 5708 967 5713 ,
1113 5712 1120 5730 ⁴

307 5738 332 5805 b)
353 5730 412 5790 lats
426 5732 497 5801 nos,
511 5729 617 5786 Martio.
633 5743 665 5786 sc
683 5727 762 5800 pauci
776 5726 821 5787 tili
834 5740 899 5785 mse.
915 5723 1070 5784 odoerstndi
1082 5721 1178 5780 stadio.
