4209 6250
316 198 368 258 907

771 187 805 246 ΙΝ
823 182 1035 245 thienensi
1054 179 1177 240 sancit
1198 179 1326 240 nitenti
1348 180 1501 241 EPlSCOl'l

1918 179 1973 234 eiiii

315 328 377 369 cent
389 308 512 372 llrsacio,
527 303 649 370 Valente,
663 304 824 374 caeterisque
839 302 981 369 abdicatis,
992 315 1113 356 ιοιιιιιιιιΙ
1130 299 1262 367 Λοιεείι,
1279 301 1303 357 ei
1319 300 1462 372 prefuisse
1475 308 1615 371 appareat.
1632 297 1734 353 verunt
1750 304 1824 353 trotai
1842 294 1972 359 isidoras,

317 406 429 462 trionem
451 401 523 457 inire
536 397 735 468 compnlenrnt,
759 394 895 465 iidemque
917 394 990 450 illatn
1017 394 1058 448 sic
1077 393 1118 446 in-

317 495 494 567 terpeiatarn,
510 486 783 560 enesimplicioribns
797 485 975 541 similitudine
1000 485 1118 540 ntrtrtinis
1134 490 1141 507 ⁹

318 577 740 658 inponerent,iticaenanriliern
759 588 958 650 truncnparnru.
988 578 1020 632 lit
1045 586 1120 633 certe

317 682 363 754 qni
377 679 459 734 fldem
471 677 555 741 iilam,
576 686 656 746 qnam
671 671 857 729 Ariminenses
870 681 960 743 patres
983 671 1119 741 subscrip·

316 773 437 830 tionibus
447 771 504 826 snit
515 770 667 840 approhare
680 765 812 837 compulsi
821 776 895 829 sunt,
911 771 941 819 nt
951 762 1021 834 apud
1037 762 1121 818 hilta-

319 866 424 923 rasiare
436 860 499 937 itti.
514 861 546 916 de
560 858 664 932 Spurii.
676 874 738 930 pop.
753 855 910 927 sistatque
923 854 1119 925 Hieronymum

318 967 409 1017 exstat
419 955 504 1031 (bini.
519 955 641 1010 aduersus
652 950 791 1022 borisen),
804 949 975 1006 contenderit
987 963 1048 1004 cern
1074 948 1120 1003 illa

318 1070 379 1126 que
390 1048 630 1116 consnleshabnit,
648 1045 819 1118 peritiorem
835 1046 860 1099 in
876 1057 909 1098 eo
923 1043 1033 1108 seruiet,
1048 1038 1121 1112 quod

320 1146 374 1203 tino
386 1144 432 1200 iila
452 1139 596 1208 roealtnla,
612 1156 658 1211 per
673 1138 770 1204 omnin,
792 1151 853 1207 qne
868 1135 968 1190 Valens
990 1138 1030 1207 (ui
1051 1133 1121 1187 testis

319 1246 360 1294 esi
383 1235 545 1309 liplpltnuiut
567 1229 689 1301 henli)
714 1228 814 1285 inritus
837 1227 993 1291 admiserat,
1020 1226 1045 1279 in
1071 1225 1122 1279 isia

320 1331 457 1387 whence
472 1337 544 1391 sant,
558 1335 656 1381 caetera
677 1323 786 1395 penite
808 1320 935 1375 similem.
958 1316 1123 1373 Athanasius

321 1421 365 1495 (rie
380 1420 481 1492 Spnori.
498 1432 558 1490 pap.
571 1415 636 1487 905)
649 1412 780 1485 ejusmodi
795 1409 1033 1479 interpolationem
1053 1423 1122 1463 cun·

316 1509 702 1580 siliacenstantinopolitano,
714 1503 786 1577 quud
799 1502 1041 1575 postSeleuciense
1055 1503 1123 1555 rica-

318 1604 392 1661 eiari
405 1610 565 1673 eitegc‘ltiill,
580 1598 684 1655 trihnit.
700 1594 777 1664 Quod
790 1592 814 1650 sl
824 1598 876 1661 en,
893 1608 946 1650 non
960 1592 1040 1647 rideo
1055 1604 1123 1659 niro·

1171 395 1222 449 hoc
1236 394 1380 449 concilient
1395 394 1561 448 celebratnrn
1572 393 1653 451 inisse
1666 406 1720 445 aera
1736 388 1799 453 tte
1811 389 1869 443 irae
1883 403 1974 441 aurern

1170 478 1223 542 iera
1240 486 1266 541 in
1279 502 1380 542 annnnr
1395 484 1499 542 Christi
1521 485 1575 542 sin
1597 483 1701 547 incidit.
1716 482 1759 538 cui
1778 497 1851 537 atine
1876 480 1976 535 Valen-
2054 482 2061 491 '

1172 578 1548 644 tinianunrruetNeoieriunt,
1561 576 1816 643 noni'lreodosiunr,
1829 590 1902 631 cess.
1917 575 1978 630 lasti

1171 675 1318 746 assignant.
1332 672 1386 728 Pro
1401 672 1556 729 Theodosio
1583 671 1664 743 igitur
1688 670 1847 726 Neuteriuna
1875 671 1977 725 snshti·

1173 765 1304 822 incedunt
1316 780 1389 834 csse,
1406 771 1540 821 nemersi
1553 763 1599 835 qni
1610 780 1663 818 non
1678 763 1778 820 uideat
1794 761 1913 819 Genetlii
1926 778 1978 818 au·

1174 869 1338 915 temnomen
1355 868 1464 914 veteres
1487 855 1547 912 lihri
1572 855 1699 912 ottrnihns
1722 855 1788 910 locis
1811 854 1925 921 hahent,
1951 857 1979 910 in

1173 951 1270 1022 quihus
1290 951 1461 1006 coalescente
1482 950 1571 1005 littera
1597 960 1606 1003 t
1633 963 1693 1005 cunt
1720 946 1740 1015 l,
1755 946 1898 1003 Genediunt
1913 946 1980 1003 editi

1173 1043 1313 1099 exhibent.
1346 1044 1380 1098 Et
1410 1058 1515 1099 meone
1540 1056 1558 1096 n
1584 1041 1664 1109 hujus
1684 1039 1821 1107 Caecilii,
1849 1056 1905 1110 quo
1927 1039 1980 1096 loci

1175 1135 1300 1202 haltetnr,
1321 1134 1441 1190 Aurelius
1456 1133 1599 1207 Episcopus
1615 1134 1690 1197 dicii,
1702 1132 1783 1188 iidem
1797 1131 1858 1189 iihri
1873 1133 1981 1204 legunt,

1176 1226 1322 1299 Epiponins
1335 1226 1480 1299 Episcopus
1491 1225 1623 1281 Bullensis
1636 1225 1768 1296 replerunt
1781 1224 1859 1280 dixit.
1876 1226 1982 1292 Quinto

1176 1320 1239 1375 itent
1254 1329 1281 1376 et
1295 1336 1320 1375 rt
1347 1336 1452 1375 canone
1468 1336 1516 1390 pro
1531 1318 1642 1375 Aurelio
1665 1319 1817 1375 Genetlinrtt
1843 1318 1980 1373 scrilruni.

1175 1410 1279 1479 Quibus
1292 1411 1454 1474 entenduiis,
1465 1411 1530 1466 nihil
1543 1420 1669 1483 superesi
1692 1410 1763 1467 unde
1791 1410 1849 1482 ejus
1867 1418 1984 1467 contiro-

1177 1505 1264 1559 rersia
1279 1502 1360 1576 7Ip3
1375 1505 1478 1560 nroreri
1506 1515 1596 1576 queat.
1621 1503 1668 1559 llis
1692 1505 1772 1560 etiarn
1798 1503 1983 1573 adstipulatur

1176 1594 1337 1667 Fulgentius
1348 1597 1502 1654 Ferrandus
1517 1596 1741 1670 Carthaginensis
1764 1598 1896 1656 diaconus
1910 1641 1918 1666 ,
1934 1616 1982 1654 cu-

319 1694 405 1752 tttedo
424 1708 486 1749 aeta
510 1693 583 1749 inter
605 1706 634 1746 se
661 1704 714 1745 nuit
738 1686 902 1756 discrepent.
926 1685 1358 1759 l'ragmentntJusBreriarii
1381 1705 1514 1744 canonum
1540 1704 1601 1760 cap.
1626 1690 1679 1745 tsi
1719 1690 1775 1745 haee
1799 1692 1882 1747 rerba
1907 1699 1982 1754 stret.
2019 1678 2022 1685 ’

316 1788 395 1843 enies
410 1784 514 1842 lliceni
529 1778 722 1844 conventiculi,
738 1776 810 1851 qrrnd
833 1778 877 1833 hic
897 1776 987 1832 editur
1001 1772 1037 1847 (F
1038 1786 1122 1845 repat.
1181 1800 1190 1834 ι
1216 1790 1243 1836 nt
1255 1782 1300 1852 qni
1315 1781 1449 1852 aliquibus
1463 1782 1614 1838 sceleribus
1627 1781 1747 1837 irretitus
1757 1786 1814 1847 esi,
1825 1797 1922 1838 rocenr
1936 1797 1983 1838 ac·

317 1890 419 1945 eren.
436 1878 476 1949 51,
489 1886 580 1932 netum
594 1874 677 1929 inisse
692 1870 757 1929 illud
768 1869 984 1927 corruenticttiurn
1012 1881 1037 1921 tt
1065 1867 1126 1921 ides
1177 1874 1292 1928 circandi
1308 1888 1361 1929 tren
1377 1872 1484 1940 habeat,
1511 1874 1615 1930 concil.
1637 1873 1730 1929 Carth.
1746 1874 1795 1929 snb
1810 1882 1906 1930 sanctu
1930 1873 1984 1931 Ge-

319 1975 454 2040 otertbt'is,
466 1971 566 2027 iisdcrn
582 1968 700 2025 Eusebio
724 1977 751 2023 ei
770 1965 886 2039 llypatin
901 1962 1060 2020 consulibus
1086 1963 1127 2016 in·
1177 1966 1261 2020 nediu
1274 1966 1313 2019 tii.
1330 1981 1354 2019 rt
1375 1983 1384 2016 t
1399 1965 1469 2036 quod
1485 1967 1511 2022 in
1527 1969 1588 2030 hoc,
1602 1965 1635 2021 de
1646 1981 1700 2038 qno
1722 1966 1837 2039 agimus,
1865 1967 1984 2021 concilio

321 2069 398 2126 dicat
419 2065 493 2140 (uisi
520 2066 633 2121 luctasse
661 2063 687 2117 in
716 2060 847 2131 tentporis
874 2057 1061 2129 designatione
1075 2052 1127 2125 (a)
1177 2073 1281 2114 canone
1301 2074 1327 2112 rr
1338 2067 1437 2113 exstat.
1458 2057 1512 2113 Sed
1526 2059 1584 2114 hec
1597 2060 1738 2114 hactenus.

324 2159 456 2215 mendum
472 2155 633 2225 obrepserit,
659 2152 765 2223 logicae
788 2167 812 2205 tt
836 2150 899 2205 iiiiii
918 2148 1051 2203 Novemb·
1077 2146 1127 2200 (¹ss-
1214 2154 1260 2209 51.
1279 2149 1317 2206 De
1330 2151 1451 2207 Musonio
1464 2162 1487 2207 ei
1498 2152 1530 2206 de
1545 2152 1784 2208 beatitate—Soli
1796 2151 1981 2225 ergoGraius,

325 2250 409 2321 beati
422 2269 429 2317 ;
443 2250 617 2306 Seleneiensc
631 2262 695 2301 uero
708 2246 859 2302 corrcitinrn
875 2245 970 2315 quinio
980 2243 1029 2298 eal.
1046 2240 1128 2296 Octo·
1179 2256 1207 2300 et
1218 2244 1289 2300 unde
1312 2244 1425 2315 digressi
1437 2259 1530 2300 setrius
1539 2255 1719 2312 revertantur,
1734 2255 1763 2302 et
1774 2244 1917 2302 Genetlius
1930 2245 1981 2300 iste

326 2347 385 2404 bris
399 2347 560 2415 incoepturn,
585 2340 788 2411 locupletissimi
811 2349 875 2395 sent
901 2346 985 2394 testes
1006 2336 1124 2390 hthana·
1179 2332 1403 2407 Cartltaginensis
1426 2337 1547 2408 episcopi
1574 2338 1645 2393 circa
1670 2338 1777 2393 concilii
1800 2337 1984 2393 Arinrinensis

325 2438 392 2507 sius,
409 2444 437 2492 ei
448 2433 521 2506 apud
529 2432 671 2489 Socratem
690 2430 807 2487 Sabinus
823 2428 879 2504 (lii.
896 2445 926 2493 ιι,
948 2445 972 2483 t.
998 2425 1056 2498 5111.
1069 2426 1127 2481 lion
1182 2442 1315 2502 tentpnsa
1335 2430 1515 2500 scriptoribus
1537 2441 1733 2487 incinerantur.
1759 2430 1927 2487 Athanasius
1955 2431 1982 2484 in

319 2530 377 2586 lert
402 2536 491 2583 antean
510 2525 630 2581 locortnn
646 2522 784 2588 distantia,
809 2522 850 2578 rel
873 2522 973 2593 negotii
995 2518 1127 2580 conditio,
1180 2524 1293 2592 epistola
1306 2522 1340 2577 ad
1351 2523 1495 2594 episcopos
1510 2525 1607 2580 hirieae
1621 2540 1653 2580 ex
1672 2540 1766 2581 corner
1793 2526 1984 2595 episcoporum

325 2621 410 2692 niqui
430 2617 566 2675 sciencie
577 2615 686 2671 isauriae
701 2615 784 2671 acal.
806 2614 897 2670 octub.
924 2612 1035 2677 suerint,
1059 2612 1128 2665 inira
1181 2630 1293 2668 numero
1308 2615 1401 2686 plures
1417 2614 1581 2670 Ariminensi
1596 2617 1712 2672 caecilio
1725 2614 1880 2671 interfuisse
1896 2616 1985 2669 tacitis

323 2726 355 2770 rr
371 2713 432 2768 idus
443 2709 567 2781 eiusdem
589 2707 691 2764 mensis
708 2707 959 2777 Constantinopolis
983 2703 1128 2760 concilium
1181 2718 1269 2762 tamen
1286 2708 1438 2763 rronrinihus
1450 2709 1579 2780 prodidit.
1591 2710 1773 2780 llieronptnus
1787 2718 1881 2766 cunin
1901 2708 1983 2765 Luci·

320 2803 484 2868 habuerint,
498 2815 530 2856 sc
545 2799 722 2871 perfecerint.
1182 2800 1303 2856 lerianos
1330 2801 1480 2857 llusoninrn
1503 2802 1641 2859 bizacenae
1666 2805 1812 2875 provincie
1834 2805 1984 2859 antistitem

366 2900 412 2955 29.
428 2896 544 2965 Quinam
555 2904 646 2949 antem
662 2893 699 2948 illi
715 2893 897 2948 hrirninensis
909 2892 1017 2949 concilii
1031 2892 1064 2948 ad
1074 2893 1128 2969 ltn-
1184 2894 1372 2963 pontiniacen
1389 2895 1490 2966 primas
1507 2896 1532 2950 in
1544 2912 1575 2951 ea
1591 2896 1815 2969 synodopropter
1827 2906 1937 2953 :etaient
1950 2896 1987 2951 ab

322 3002 479 3065 perstarent
491 2988 584 3061 legati,
601 2987 644 3043 rel
663 2986 741 3056 cuins
763 2987 790 3041 in
815 2985 936 3063 Ecclesia
959 2984 1058 3056 gradus
1084 2994 1130 3038 ant
1185 2986 1311 3041 omnihus
1323 2985 1428 3041 delatas
1445 2987 1548 3044 scribit.
1574 2987 1738 3059 Corrupiunr
1755 2990 1827 3045 eninr
1839 2999 1894 3055 est,
1914 2988 1986 3057 qrtod

323 3084 465 3156 dignitatis
482 3080 648 3145 exstiterint,
665 3092 719 3135 non
736 3076 814 3135 laeile
828 3086 869 3134 est
882 3092 914 3133 et
931 3077 1062 3144 historiis
1079 3075 1127 3131 de·
1142 3074 1165 3140 C
1182 3091 1277 3135 omnes
1304 3079 1437 3136 editiones
1460 3080 1561 3152 legent,
1584 3080 1729 3138 bisuntine
1740 3082 1881 3155 provinciae
1891 3097 1901 3148 ‚·
1931 3096 1986 3137 nou

324 3175 507 3251 prehendere.
523 3171 638 3229 ettmrir
658 3169 731 3225 nuda
745 3184 838 3223 eornm
852 3169 960 3223 cremina
976 3179 1127 3224 recreantes.
1182 3173 1491 3243 enirnqnenradmodunr
1502 3174 1602 3240 Graeci,
1619 3177 1655 3231 ita
1668 3188 1695 3231 et
1706 3177 1792 3233 larini
1809 3192 1840 3232 ea
1855 3176 1987 3231 vocabula

325 3268 407 3326 Sirius
420 3267 574 3322 destitutas
585 3260 806 3333 carthaginensis
828 3261 973 3330 episcopus
998 3259 1128 3325 retertur,

325 3360 371 3432 gni
385 3371 477 3414 innuen
489 3366 517 3412 et
531 3356 589 3426 ipse
600 3353 719 3423 antiquis
730 3351 886 3425 apcioribns
910 3350 1047 3421 ignobilis.
1065 3350 1130 3406 liatn

326 3459 428 3524 praeter
442 3447 565 3514 Gmintn,
582 3460 663 3516 rpuetn
678 3442 833 3500 sardicensi
852 3443 967 3498 concilio
980 3443 1130 3509 adstitisse,

328 3538 713 3616 'triticumque—gnodlsidorus
729 3537 862 3592 llereator
887 3547 965 3592 vocat
990 3535 1131 3608 Carthagi·

327 3651 413 3695 tretrse
428 3634 574 3692 concilient
600 3631 736 3702 coegisse,
760 3645 793 3684 ex
818 3629 976 3685 eorntndenr
999 3631 1131 3686 concilio·

327 3745 387 3787 retu
402 3727 471 3784 auiis
485 3736 514 3782 et
527 3723 675 3781 Athanasio
686 3722 847 3786 didieintns3
864 3734 891 3776 et
905 3721 1070 3789 Genetlirtnt,
1087 3721 1132 3777 eni

328 3813 765 3877 suoeessiicireaaatntnrilhrisii
787 3813 841 3870 eiiii
868 3813 1005 3883 Aurelius,
1032 3815 1134 3870 nrrllius

328 3911 442 3967 alterins
454 3908 585 3979 episcopi,
602 3909 647 3977 nui
661 3905 733 3961 circa
751 3905 811 3961 hec
825 3915 946 3977 ternpora
968 3905 1133 3979 Carthagine

329 4004 447 4071 sederit,
459 4011 550 4060 esstat
561 4001 703 4056 memoria.

370 4096 417 4154 ὅθ.
441 4095 479 4150 lit
503 4093 611 4148 coneilio
624 4090 775 4162 Gurthupin.
789 4132 797 4156 ,
813 4090 858 4145 sui
871 4090 997 4147 Genetlio.
1013 4123 1050 4133 -
1065 4094 1135 4162 Quin

333 4193 415 4250 etiarn
432 4189 518 4262 ipsius
534 4186 656 4244 Genetlii
680 4199 750 4256 penc
769 4185 967 4256 exscriptorurn
997 4187 1063 4240 vitio
1089 4201 1137 4242 ne-

333 4301 400 4343 nteu
412 4284 602 4339 oblitteratura
617 4289 659 4335 est
673 4295 706 4335 ea
717 4278 840 4334 secundo
851 4278 972 4347 eiusdenr
985 4280 1063 4334 urhis
1072 4297 1137 4336 cint-

331 4377 407 4443 eilio,
420 4375 491 4448 quoti
505 4374 565 4444 eitts
579 4373 663 4428 decin
679 4381 768 4426 terren
780 4381 807 4426 ei
822 4371 950 4441 auspiciis
960 4382 1002 4427 est
1013 4383 1136 4444 gestaru

1185 3280 1297 3334 estpnanr
1310 3266 1490 3324 contundunt.
1507 3268 1639 3325 Bizaeeua
1651 3285 1717 3325 rere
1730 3270 1790 3341 ejus
1802 3268 1913 3332 siricae,
1927 3283 1987 3338 rpnae

1183 3355 1349 3413 Occidetriali
1361 3359 1475 3428 irnperio
1489 3361 1587 3417 tributa
1599 3360 1660 3429 init,
1676 3362 1813 3433 prouincia
1828 3373 1882 3429 est,
1897 3360 1986 3416 Plinio

1184 3450 1401 3521 geographittpue
1416 3453 1514 3508 exirnia
1541 3454 1679 3512 leriiliiaie
1705 3471 1766 3511 eutii
1783 3465 1901 3512 centena
1913 3456 1989 3527 linge

1184 3542 1311 3612 agricolis
1324 3543 1412 3599 ioerres
1429 3543 1561 3601 reddente
1587 3546 1700 3612 nobilis,
1715 3548 1831 3619 cnjuset
1841 3549 1867 3604 in
1877 3548 1989 3603 concilii

1186 3635 1387 3692 iliricanisnon
1398 3639 1482 3693 sentcl
1498 3639 1526 3693 iit
1543 3640 1656 3695 rnentio.
1672 3640 1787 3696 ilusonii
1806 3643 1889 3697 etiarn
1916 3643 1991 3696 senis

1185 3726 1324 3782 bizacenae
1337 3729 1482 3799 provinciae
1503 3731 1596 3801 primae
1609 3733 1683 3788 sedis
1691 3733 1813 3804 episcopi
1825 3734 1929 3788 ntentio
1941 3735 1991 3787 ha-

1188 3821 1265 3876 heinr
1275 3821 1391 3877 concilio
1404 3822 1611 3895 Carthaginensi
1626 3825 1719 3880 itabile
1734 3825 1801 3882 idib.
1824 3825 1909 3896 hug„
1940 3825 1991 3880 Ai-

1188 3914 1241 3969 iico
1252 3924 1278 3968 et
1290 3913 1589 3982 Cesarioconsniihna,
1609 3932 1681 3973 anne
1695 3918 1796 3974 Christi
1825 3917 1878 3974 597
1904 3933 1988 3989 quem

1189 4013 1278 4061 enisu
1294 4006 1419 4062 eunrdern
1430 4022 1491 4063 esse
1505 4023 1566 4063 cern
1590 4024 1623 4064 eo
1645 4009 1680 4065 de
1707 4026 1760 4080 quo
1771 4009 1878 4081 iginius
1891 4024 1995 4081 perue-

1189 4112 1292 4168 garenr,
1308 4099 1358 4153 nisi
1373 4115 1454 4169 supra
1473 4100 1740 4158 vidissetnnsOsiuut
1761 4117 1855 4159 seuere
1881 4102 1994 4159 Nicaeae

1190 4192 1305 4246 concilio
1320 4193 1479 4262 prefuisse,
1496 4196 1678 4267 enrndernqne
1699 4196 1839 4254 Sirmiensi
1860 4199 1993 4264 concilio,

1190 4283 1260 4354 quud
1278 4284 1385 4355 triginta
1399 4300 1426 4341 et
1441 4287 1512 4357 qtrod
1527 4288 1657 4355 excurrit,
1675 4289 1753 4344 antes
1768 4298 1863 4361 postea
1884 4300 1993 4362 gestent

1191 4387 1244 4442 esi,
1259 4381 1415 4435 centenaria
1428 4381 1558 4450 nrajnrem
1571 4382 1721 4449 adstitisse,
1734 4393 1815 4454 siene
1833 4383 1868 4439 ad
1888 4399 1993 4439 arntiam

333 4480 364 4527 iti
384 4469 550 4537 nonaltsrpee
560 4466 677 4529 ratione,
702 4463 810 4533 enredo
826 4464 890 4519 illud
911 4464 1031 4520 habiturn
1059 4463 1139 4520 hierli
1152 4467 1180 4530 D
1191 4470 1356 4528 Christihdii
1373 4475 1539 4543 peruenisse.
1554 4473 1681 4529 Restituii
1695 4485 1785 4532 autern
1807 4475 1930 4547 episcopi
1945 4492 1995 4550 par

335 4574 466 4636 eisque,
481 4561 590 4618 maniaci
606 4562 655 4615 riri
669 4568 791 4630 querant
803 4576 810 4613 r
824 4574 877 4629 quo
891 4560 1030 4630 negotiosi
1041 4576 1073 4616 cx
1090 4575 1139 4646 re3

1188 4563 1258 4631 apnd
1272 4581 1367 4620 ottrttes
1388 4566 1536 4621 silentium.
1553 4567 1610 4622 Nisi
1622 4567 1737 4624 latriasse
1750 4569 1860 4625 basilica
1874 4569 1925 4642 (l'.
1941 4570 1996 4624 tin·

278 4685 286 4696 =
336 4656 526 4716 terilttrslihris
537 4669 585 4710 eos
598 4650 808 4724 expedierinrns,
825 4654 927 4707 auctori
944 4667 993 4707 suo
1004 4651 1071 4707 iilud
1097 4653 1136 4722 ip·
1188 4669 1255 4731 pusi.
1273 4658 1358 4713 Serui.
1374 4661 1418 4728 iti,
1441 4673 1494 4715 not.
1515 4662 1703 4732 niliesiiinta
1727 4664 1857 4733 Perpetua
1876 4661 1994 4719 Caprh„

337 4767 398 4806 snttr
412 4756 579 4810 asserentes,
591 4760 701 4815 opetum
715 4746 829 4799 stillasse
841 4744 1015 4799 110οθ107111)
1027 4761 1079 4800 tion
1097 4746 1138 4800 itt·
1188 4753 1262 4822 gine,
1278 4752 1304 4807 in
1320 4769 1370 4824 qua
1387 4770 1440 4808 non
1451 4771 1503 4810 utta
1514 4756 1635 4827 synodus
1661 4757 1750 4813 lrabiia
1765 4767 1817 4821 esi,
1831 4757 1866 4813 ab
1880 4758 1933 4812 hnc
1949 4759 1994 4830 qai

335 4845 465 4901 seritttns.
482 4840 546 4895 i'ria
560 4846 623 4893 sunt
637 4845 738 4903 sitient,
756 4850 934 4908 propterque
957 4837 1022 4892 illnd
1044 4839 1137 4894 conci·
1191 4843 1383 4915 inquestione
1401 4857 1440 4900 esi
1457 4845 1602 4912 Restituto,
1641 4847 1667 4901 in
1694 4849 1824 4904 honorem
1851 4849 1997 4920 vermina

342 4938 409 4992 lintn
420 4931 642 4988 corriroreriiinr.
660 4929 789 4994 l’rintnnt,
806 4930 867 4998 qnia
883 4929 1047 4985 celebratura
1069 4933 1138 4988 dici·

342 5040 385 5085 tur
403 5025 592 5082 l'aientiniann
606 5038 633 5078 rr
645 5032 671 5076 et
683 5021 837 5078 Theodosio
865 5036 936 5077 coss.
965 5037 1026 5078 cent
1052 5033 1142 5081 tamen

343 5118 549 5177 Valentinianus
573 5113 665 5170 senior
680 5124 741 5169 ente
753 5113 906 5170 Theodosio
918 5114 1024 5183 imperii
1039 5116 1142 5188 collega

341 5210 782 5281 entisnlatuntgessisse-nusquam
796 5208 916 5278 legatur:
931 5207 1059 5275 alierum,
1070 5212 1141 5278 tpnod

340 5310 367 5363 in
379 5323 412 5364 eo
426 5304 541 5362 Genetlii
553 5317 653 5357 nornen
666 5317 722 5355 nort
740 5301 872 5356 halreatnr
886 5319 892 5355 :
910 5302 1017 5356 ieriiutrr
1031 5319 1062 5356 ac
1077 5320 1140 5373 pos·

340 5395 557 5468 transumunt
571 5393 696 5450 durelina
709 5395 863 5464 episcopas,
878 5395 922 5464 qni
938 5392 1065 5449 Genetlio
1080 5411 1141 5452 suc-

378 5535 416 5608 (a)
427 5533 550 5590 llendutn
566 5548 618 5586 non
633 5532 773 5602 ohnpait:
793 5531 840 5585 sed
855 5545 917 5587 eunt
945 5531 1138 5590 Constantino·

343 5605 558 5680 polisnhscripta
582 5604 617 5657 sit
636 5601 761 5664 lnrttnria,
779 5617 838 5671 prta
850 5602 946 5656 Nicaeae
970 5604 996 5658 irt
1022 5603 1139 5662 Thracia

342 5681 413 5733 edna
426 5687 481 5731 erat
499 5673 770 5742 3cnrrstantinnpoiit.
789 5675 921 5743 syttodurn
943 5673 1085 5731 Sientiettsi
1111 5678 1141 5730 ll·

1193 4938 1320 5007 ntartyris
1330 4935 1461 4992 aedificata
1475 4954 1574 4994 nottren
1598 4941 1750 5010 acceperit;
1766 4940 1996 5013 quemadmodum

1195 5028 1333 5083 basilicanr
1348 5029 1448 5085 ihident
1459 5031 1493 5085 ab
1504 5031 1616 5087 Aurelio
1631 5032 1827 5105 episcopandi
1842 5043 1870 5090 et
1882 5033 1997 5090 Fittreas

1195 5122 1344 5187 dicebatur,
1360 5133 1544 5180 constructam
1560 5127 1586 5179 ht
1601 5125 1659 5196 ejus
1686 5126 1801 5196 gratiane
1825 5124 1997 5184 Florentiam

1194 5218 1484 5287 cogitutninatant,er
1503 5220 1642 5275 §erutonis
1671 5219 1700 5273 Β.
1729 5219 1797 5291 hug.
1825 5219 1877 5293 (t'.
1904 5219 1996 5274 Serui.

1193 5310 1303 5384 dupusi.
1319 5312 1383 5378 559,
1398 5323 1422 5367 ei
1438 5323 1524 5367 nolunt
1534 5315 1559 5375 i.
1568 5331 1630 5387 pap.
1648 5313 1729 5385 itui)
1745 5324 1806 5386 posi
1820 5314 1997 5371 collationes

1194 5405 1220 5460 in
1246 5405 1366 5477 ejusdenr
1400 5407 1519 5464 basilice
1540 5407 1710 5463 dedicatione
1738 5407 1823 5464 habiti
1844 5406 1999 5479 {regarenio

1192 5541 1234 5597 dei
1252 5561 1304 5600 uon
1333 5546 1442 5600 stetisse
1462 5560 1525 5602 rere
1550 5545 1618 5601 diiii
1645 5546 1820 5614 iltltanasite,
1844 5548 1998 5619 prasertim

1193 5614 1236 5668 uhi
1249 5614 1349 5669 Nicaeui
1365 5616 1550 5672 conventiculi
1562 5633 1615 5671 tion
1627 5618 1759 5673 nteteinii.
