4209 6250
192 268 247 325 tes
580 277 682 337 ntuetr
704 281 747 338 ou
762 283 915 360 studutS,
936 288 1002 348 SEU
1023 288 1068 349 DE
1091 291 1168 353 i'lDE
1188 291 1437 360 unluttnutttltt.
1790 317 1844 375 lau

191 384 331 491 etlilium
348 390 486 458 quomodo
496 394 602 463 genitus
616 398 677 453 sita
691 399 780 458 Patre.
806 404 882 461 Nulla
904 408 990 464 ambi·
1002 412 1027 472 ,1
1042 412 1230 473 condiderunt.
1245 417 1299 474 Sed
1309 418 1372 490 qnia
1384 421 1510 492 frequens
1524 424 1603 484 nobis
1615 431 1781 501 nuncupatio
1795 451 1842 491 es·

189 489 279 586 grauns
296 489 356 546 est,
372 484 502 554 rrrajorcur
515 502 578 544 esse
592 489 712 549 Patrem.
734 494 806 553 Nulli
828 510 918 569 potest
939 501 990 557 du·
1043 507 1140 561 sentin
1154 522 1186 563 ac
1200 511 1360 566 substantiae
1374 516 1527 571 rrcmssarta
1539 527 1600 584 est;
1623 524 1842 592 cognoscendum

190 572 263 681 bruun
284 590 364 644 esse,
378 575 486 682 Patrem
503 579 625 649 bonore,
639 585 785 657 dignitate.
803 590 841 664 (u)
856 593 991 662 claritate,
1044 606 1087 654 εει
1102 599 1165 671 quid
1179 601 1317 673 signifieat
1328 605 1466 671 essentia.
1493 624 1528 665 ne
1550 609 1586 667 de
1607 612 1689 669 rebus
1707 614 1844 686 locuturi,

190 675 342 772 magestate,
357 679 385 727 el
396 686 456 743 rpso
469 673 579 731 nornine
591 678 675 747 patris
686 680 817 751 arciorem
831 698 891 739 csse
905 684 991 756 Filio,
1044 703 1101 745 rcrn
1116 691 1261 748 uerborum
1274 697 1439 754 nesciamus.
1461 699 1585 758 Essentia
1605 712 1647 760 εει
1659 721 1704 762 res
1717 723 1779 779 qua
1792 718 1845 774 est.

105 801 107 806 ,
189 774 249 830 apso
261 768 389 829 testante,
405 762 595 837 Quinremisiq
609 773 819 846 majornreert(
829 774 909 833 loen.
925 793 990 847 arn,
1044 781 1386 855 retqpexqoibusesr,
1412 799 1439 845 et
1460 806 1520 862 quac
1543 794 1570 849 in
1592 796 1716 865 eoquod
1739 809 1847 856 mancat

189 851 248 924 28).
258 853 293 910 Et
306 854 357 913 boc
366 857 530 917 catlrolieum
544 877 616 931 csse,
628 880 710 922 nenrc
722 866 837 937 ignorat,
849 868 918 927 duas
931 886 992 943 pcr-
1043 874 1176 930 subsistit.
1197 876 1254 933 Diei
1269 890 1359 935 autern
1373 882 1491 939 essentia
1504 926 1512 952 ,
1526 895 1553 943 et
1566 898 1662 945 natura
1675 932 1682 953 ,
1698 898 1727 947 et
1740 907 1845 962 genos,

191 960 275 1004 sonas
295 962 355 1005 csse
368 950 456 1007 Patris
478 961 506 1008 ct
519 952 602 1022 Pilli,
623 958 751 1028 trrajorcur
767 958 851 1034 lgm
862 961 990 1035 Patrem,
1043 975 1070 1021 et
1081 967 1231 1025 substantia
1245 971 1457 1047 uniuscuiusque
1468 978 1507 1035 rei
1524 981 1632 1049 polerit.
1659 983 1773 1055 Proprie
1797 1001 1845 1043 au·

191 1040 289 1098 Filium
305 1041 343 1114 (i)
357 1044 509 1114 subjectum
520 1063 582 1104 eum
597 1051 724 1108 omnibus
740 1052 781 1110 tris
793 1071 852 1126 qua
866 1056 917 1127 ipsi
937 1059 991 1114 Pa·
1044 1068 1098 1114 tem
1113 1062 1231 1117 essentia
1248 1062 1350 1120 ideirco
1364 1065 1402 1139 (p)
1415 1077 1457 1125 est
1472 1068 1564 1141 dieta,
1585 1074 1646 1144 quia
1670 1090 1779 1148 seraper
1791 1088 1844 1136 εει.

192 1141 234 1191 tcr
245 1135 370 1208 subjecit.
387 1137 495 1196 Patrenr
510 1140 617 1197 initium
627 1158 681 1199 non
696 1143 815 1214 babere,
827 1147 991 1207 invisibilem
1043 1149 1109 1219 erae
1124 1151 1226 1210 ideirco
1241 1156 1322 1212 etiam
1337 1157 1487 1215 substantia
1504 1174 1563 1231 est,
1579 1165 1643 1236 qnia
1657 1182 1701 1223 res
1715 1184 1775 1241 quae
1790 1180 1843 1236 cst,

190 1243 267 1294 csse,
288 1230 470 1287 immortalem
484 1247 562 1301 esse,
578 1232 615 1307 (c)
635 1236 828 1308 impassibilem
852 1256 924 1298 esse.
950 1241 991 1299 Fi·
1042 1239 1124 1316 467
1139 1260 1251 1303 εεεεεεε
1265 1256 1307 1304 εει
1319 1250 1448 1307 εεεείειει
1462 1252 1488 1308 in
1503 1268 1583 1318 sese:
1610 1257 1739 1329 quidquid
1752 1274 1843 1318 antem

190 1318 254 1376 lium
268 1330 359 1377 autem
374 1331 466 1380 natum
479 1340 540 1382 esse
551 1336 586 1383 'ex
598 1326 689 1396 Patre,
705 1330 790 1386 beram
805 1348 840 1388 ex
857 1333 914 1391 Deo
926 1375 934 1400 ‚
948 1335 991 1390 lu·
1043 1334 1186 1405 subsistit,
1215 1339 1274 1397 siue
1295 1340 1378 1398 dubio
1394 1343 1420 1398 in
1444 1360 1545 1416 genere
1559 1349 1601 1403 rel
1617 1360 1711 1406 natura
1727 1351 1769 1408 vel
1782 1355 1846 1410 snb-

191 1426 252 1467 men
267 1426 303 1468 cx
320 1413 433 1470 lumine.
448 1413 530 1486 Carinas
545 1417 608 1475 Filii
622 1421 825 1490 generationem
843 1464 851 1489 ,
878 1435 908 1481 ει
928 1434 992 1483 εειε
1043 1431 1142 1485 statilia
1158 1441 1278 1488 marcent.
1289 1432 1356 1490 Cum
1372 1451 1439 1507 ergo
1448 1440 1595 1495 essentiam
1611 1441 1727 1498 dicimos
1741 1445 1845 1515 siguifi-

190 1505 292 1563 dietnm
307 1517 360 1575 est,
376 1509 512 1567 nemiuem
526 1512 595 1568 scire
608 1513 660 1570 uisi
673 1515 782 1572 Patrem
793 1533 882 1574 suom.
901 1520 990 1591 ipsum
1043 1534 1107 1576 care
1118 1532 1241 1579 naturam
1253 1525 1296 1580 rel
1306 1540 1393 1597 genus
1410 1528 1453 1585 uel
1464 1530 1655 1602 substantiam,
1670 1534 1847 1608 intelligimus

192 1608 282 1655 autem
292 1598 391 1656 Filium
405 1601 453 1658 Dei
468 1602 611 1660 Dominum
623 1615 651 1662 et
662 1606 746 1663 Deum
762 1616 895 1678 nostrum,
912 1611 991 1669 sicuti
1044 1611 1103 1683 eins
1127 1613 1167 1670 rei
1189 1630 1249 1686 qua
1264 1616 1291 1672 in
1308 1616 1350 1674 bis
1367 1621 1495 1678 omnibus
1507 1638 1616 1692 semper
1629 1640 1691 1682 csse
1704 1627 1845 1685 subsistat.
1860 1607 1866 1618 ’

194 1691 309 1765 legitur,
324 1707 433 1751 carnem
448 1694 490 1751 rel
503 1710 613 1767 eorpus,
634 1696 661 1753 id
674 1708 726 1765 est,
747 1699 886 1758 bominem
900 1716 993 1760 susce·
1043 1703 1121 1761 Nunc
1134 1705 1215 1776 igitur
1228 1710 1402 1782 proscriptas
1416 1713 1451 1769 ab
1464 1713 1647 1775 Orientalibus
1662 1718 1724 1776 idei
1748 1720 1846 1779 delini·

195 1786 267 1857 pisse
280 1801 313 1842 ex
326 1795 405 1841 utero
418 1786 531 1858 virginis
545 1787 636 1844 uaria
651 1829 658 1855 ‚
674 1789 745 1846 sient
757 1792 877 1863 Arrgelns
891 1793 991 1864 pradi-
1005 1807 1030 1868 Β
1044 1797 1132 1854 tiones
1145 1797 1184 1872 (ιι)
1200 1815 1403 1860 recenseamus.

193 1877 350 1951 eanitlbuc.
366 1878 455 1952 niul).
469 1878 604 1937 Utarrtcm
617 1881 991 1954 Scripturceomuesdoceut‚
1081 1889 1101 1945 l.
1122 1908 1132 1943 r
1151 1890 1179 1946 Si
1200 1893 1261 1963 quis
1284 1894 1398 1952 audiens
1421 1897 1566 1972 imaginem
1592 1916 1652 1961 esse
1676 1904 1774 1962 Filium
1799 1907 1847 1966 bei

194 1983 221 2029 ot
236 1973 370 2044 precipue
383 1972 441 2046 ipse
454 1974 583 2045 magister
596 1975 716 2045 gentium
733 1976 888 2047 Apostolus,
905 1975 993 2034 tront-
1044 1982 1209 2051 inrisibilis,
1232 1985 1304 2045 idem
1317 1987 1391 2045 dicat
1403 2004 1464 2048 esse
1477 1990 1623 2065 imaginem
1638 1997 1707 2066 Dei,
1729 1999 1801 2072 quod
1818 2009 1847 2058 ει

195 2081 257 2122 nem
269 2068 423 2138 suscepisse
437 2067 471 2123 de
493 2067 576 2124 llaria
592 2067 722 2141 Virgine,
748 2086 795 2141 per
813 2086 894 2142 quern
918 2087 993 2128 eom·
1044 2078 1128 2134 Deum
1143 2077 1327 2138 invisibilem:
1353 2085 1430 2154 quasi
1445 2099 1500 2142 non
1511 2088 1644 2146 conliteus
1659 2105 1723 2148 uerc
1742 2093 1845 2164 litium,

195 2177 290 2232 passos
302 2171 354 2218 est.
369 2161 417 2218 illa
428 2172 517 2219 antem
540 2162 581 2236 (cl)
592 2164 712 2222 clausula
732 2175 775 2223 εει
789 2168 872 2224 ιειίεε
890 2166 951 2225 lidei
965 2177 994 2226 ct
1043 2170 1186 2227 anathema
1201 2172 1237 2228 sit
1262 2173 1308 2248 (ι).
1333 2193 1343 2228 r

195 2253 240 2309 illa
253 2254 433 2324 confirmatio,
449 2255 521 2327 quod
536 2256 655 2314 Trinitas
670 2274 779 2331 semper
791 2259 925 2316 servanda
939 2269 991 2328 est,
1082 2263 1124 2319 15.
1146 2263 1214 2321 lteur
1232 2267 1301 2323 alius
1315 2277 1370 2336 ert,
1389 2280 1418 2324 ει
1434 2272 1562 2341 accipiens
1582 2291 1600 2329 a
1619 2272 1700 2331 Patre
1711 2277 1798 2333 ritonr.
1811 2309 1847 2320 -

195 2345 265 2402 sicot
282 2347 396 2420 legimus
420 2347 447 2403 in
463 2348 627 2420 Evangelio:
652 2347 693 2405 ite
710 2360 735 2405 ct
758 2350 885 2423 baptisate
906 2368 993 2409 onrncs
1045 2353 1162 2413 Exclusa
1184 2367 1226 2414 est
1247 2361 1363 2416 assertio
1386 2362 1535 2419 solentium
1561 2367 1717 2425 nominibus
1743 2378 1847 2428 tanttun

195 2451 281 2513 gentes
305 2442 332 2498 in
358 2444 460 2499 uomina
483 2441 571 2499 Patris
592 2452 617 2499 ct
636 2442 702 2500 Filii
722 2454 747 2501 ct
769 2445 885 2517 Spiritus
911 2447 994 2502 sumti
1044 2448 1153 2508 Patrem
1175 2460 1203 2508 ct
1223 2452 1322 2510 Filium
1346 2455 1517 2525 predicare3
1539 2469 1601 2516 cum
1623 2461 1733 2531 quaudo
1759 2463 1848 2537 imago

195 2534 305 2608 (Paul.
321 2552 416 2605 aaran,
428 2537 484 2609 19).
506 2537 628 2608 integer,
644 2536 780 2609 perlectos
793 2553 921 2595 uunrerns
933 2539 993 2596 Tri·
1044 2545 1143 2615 omnis,
1154 2546 1258 2617 eiusad
1272 2562 1354 2620 quern
1365 2550 1564 2621 coimaginetur
1574 2553 1680 2622 species
1691 2555 1848 2613 irrdillerens

196 2629 289 2687 uitatis
304 2639 357 2687 cst.
375 2627 412 2703 (e)
427 2630 584 2689 Paracletus
597 2640 687 2689 autem
700 2631 817 2703 Spiritus
831 2648 880 2704 per
893 2633 992 2690 Filium
1044 2636 1090 2693 sit.
1104 2635 1196 2709 Neque
1209 2636 1282 2694 enirn
1298 2639 1356 2709 ipse
1378 2639 1430 2696 sibi
1445 2642 1587 2713 qnisquam
1604 2644 1692 2715 inrago
1712 2654 1773 2711 εει;
1797 2646 1847 2704 secl

196 2733 238 2780 cst
250 2739 259 2792 ς
273 2723 319 2795 qui
331 2725 430 2783 missus
441 2727 514 2782 venit
526 2725 603 2797 juata
617 2725 790 2797 promissum,
806 2736 835 2781 ut
847 2727 994 2798 ttpostolns
1044 2742 1119 2794 euru,
1133 2728 1212 2799 cujus
1232 2729 1320 2801 imago
1333 2740 1385 2796 εει.
1399 2747 1511 2790 neeesse
1523 2746 1565 2790 est
1578 2746 1607 2791 ut
1625 2736 1714 2810 imago
1735 2738 1849 2795 dernen-

195 2825 224 2873 ct
235 2833 330 2875 omnes
344 2819 485 2876 eredentes
499 2819 655 2885 instrueret,
666 2821 788 2887 doceret,
800 2820 990 2877 sanctificaret.
1045 2829 1124 2878 stret.
1149 2820 1241 2892 lmago
1253 2822 1343 2895 itaque
1355 2834 1395 2880 est
1413 2826 1451 2880 rei
1464 2826 1498 2883 ad
1512 2842 1570 2885 renr
1583 2831 1758 2902 coequanda
1779 2832 1849 2889 ima·

232 2912 278 2968 le.
301 2911 420 2969 Essartia
432 2923 457 2969 ct
471 2913 613 2970 substantia
629 2914 703 2986 quid.
716 2913 856 2986 Anagrana
870 2914 994 2986 Synodur
1044 2912 1136 2985 ginata
1149 2923 1178 2971 et
1190 2914 1334 2972 indiscreta
1349 2916 1507 2974 sinrilitudo.
1534 2919 1584 2977 Est
1601 2937 1667 2994 ergo
1681 2924 1783 2992 Pater,
1806 2936 1849 2984 est

194 3007 328 3063 niueos.
346 3005 430 3064 Filius
442 3017 471 3062 ut
482 3009 567 3080 inrogo
582 3024 633 3063 nou
643 3009 699 3063 solo
711 3009 813 3063 nornine
826 3009 893 3064 aius
906 3022 926 3062 a
937 3006 993 3062 Pa·
1046 3014 1074 3061 et
1087 3003 1175 3061 Filios
1187 3024 1194 3062 ε
1206 3007 1267 3078 quia
1284 3008 1372 3079 irnago
1386 3009 1473 3065 Patris
1486 3022 1526 3067 est
1541 3011 1624 3070 Filius
1637 3030 1644 3081 ;
1657 3016 1744 3087 etqui
1759 3018 1849 3091 imago

195 3108 242 3155 m
256 3130 293 3141 -
306 3099 354 3158 ffis
365 3101 459 3174 „aquo
473 3110 512 3158 tot
525 3108 554 3159 eg
566 3101 648 3159 „mig
657 3100 804 3173 impppggqs
818 3099 996 3172 professioni.
1046 3104 1103 3166 est,
1117 3094 1150 3174 (j)
1162 3105 1190 3153 ut
1203 3098 1242 3156 rei
1258 3100 1347 3172 imago
1358 3099 1404 3169 sir,
1419 3102 1538 3173 speciem
1550 3119 1662 3164 successe
1671 3115 1715 3166 cst
1729 3117 1757 3165 et
1772 3117 1850 3166 natu-

195 3191 246 3249 bus
258 3192 338 3250 editis
350 3235 359 3263 ‚
384 3192 433 3251 has
456 3209 564 3251 rursum
577 3211 593 3252 c
607 3194 745 3252 contrario
756 3192 909 3251 orientales
934 3192 994 3263 epi·
1009 3205 1032 3270 (χ
1048 3206 1106 3247 ram
1119 3200 1147 3248 et
1159 3191 1315 3262 essentiam,
1336 3192 1483 3252 seeundum
1497 3194 1570 3267 quod
1589 3196 1751 3271 longeest,
1775 3200 1804 3258 in
1816 3217 1847 3259 sc

195 3289 270 3360 scopi
285 3287 312 3346 in
332 3304 415 3347 unum
434 3289 589 3363 congregati
611 3292 808 3347 sententiarum
823 3284 996 3344 definitiones
1049 3282 1148 3344 babeat
1160 3284 1289 3342 auctoris.

233 3449 338 3522 (olfloe
349 3448 437 3520 ipsum
452 3446 562 3505 totidem
577 3447 667 3505 verbis
680 3448 804 3518 exprimit
816 3449 994 3507 Phoebadins.
1049 3449 1105 3516 cil,
1129 3450 1242 3505 multum
1259 3448 1322 3506 inde
1340 3449 1381 3506 cis
1398 3449 1567 3520 gratulatus,
1593 3451 1650 3522 ipse
1673 3452 1754 3510 etiam
1779 3455 1851 3512 tlctit

196 3521 233 3578 Αι
244 3521 286 3577 lta
298 3521 359 3576 duaa
372 3535 454 3577 rocus
468 3521 597 3585 claritate,
608 3521 757 3587 maiestate.
773 3535 825 3576 nna
836 3537 924 3592 graeca
938 3523 995 3578 bsi-
1050 3521 1187 3586 heresim,
1204 3530 1332 3593 quantum
1351 3530 1474 3591 poterat,
1492 3537 1652 3589 promouere
1664 3526 1776 3581 studuit.
1792 3526 1849 3594 Qua

195 3615 254 3654 racc
263 3592 333 3664 apud
347 3590 476 3648 Albanas.
490 3599 518 3646 et
531 3590 637 3647 Socrat.
651 3591 810 3647 redduntur.
1049 3592 1085 3648 de
1102 3608 1133 3647 re
1146 3634 1153 3659 ,
1167 3593 1211 3663 qui
1229 3593 1352 3648 ecelesiae
1366 3591 1523 3648 dedicandae
1537 3594 1621 3663 gratia
1635 3597 1768 3668 Ancyram
1783 3613 1850 3653 eon-

235 3664 274 3736 (b)
289 3661 367 3735 Apud
380 3661 512 3719 Albanas.
535 3663 677 3734 subjectum
694 3661 767 3717 Patri
786 3663 906 3732 Filium,
927 3678 997 3735 quo·
1051 3673 1195 3729 uenerant,
1210 3663 1321 3734 Georgii
1334 3662 1478 3719 Laodiceni
1495 3663 1592 3720 litteris
1604 3664 1734 3721 admoniti
1747 3708 1755 3733 ‚
1766 3680 1849 3738 qarot-

196 3735 279 3792 modo
289 3735 388 3805 legisse
403 3733 510 3790 videtur
523 3743 550 3791 ct
565 3732 738 3789 Ptroelradius.
1048 3733 1414 3806 qnotconrmodepotueront
1424 3735 1645 3800 conuocare,sibi
1656 3737 1847 3806 adjunxerunt,

233 3806 268 3879 (c)
284 3804 435 3863 Prudenter
456 3805 487 3861 in
503 3804 561 3861 lraec
577 3804 758 3862 Pbcebadius:
781 3803 845 3859 ilar
860 3804 918 3860 idco
935 3822 996 3875 pro·
1049 3815 1078 3860 ut
1087 3805 1199 3860 Eudoril
1213 3812 1326 3862 conatus
1339 3805 1526 3861 retunderent.
1541 3804 1655 3860 Basilius
1664 3806 1743 3877 epist.
1756 3823 1848 3874 aaran,

196 3886 305 3946 parunt,
317 3886 346 3932 at
356 3879 488 3932 contraria
500 3877 540 3931 ln's
555 3874 626 3931 Filio
640 3875 787 3931 adscribant
800 3915 807 3928 .
819 3914 826 3927 .
838 3915 845 3928 .
858 3877 901 3940 qui
908 3878 931 3930 si
943 3877 994 3931 ini-
1047 3874 1162 3932 concilii
1177 3876 1257 3947 liujus
1269 3876 1404 3938 meminit.
1420 3885 1553 3946 uocatque
1567 3877 1687 3950 σύλλογον
1700 3894 1708 3931 :
1720 3894 1780 3946 quaa
1794 3895 1848 3937 vox

196 3951 260 4004 tium
275 3949 368 4004 nane
379 3948 521 4021 motatur,
545 3948 635 4003 nrcritc
650 3948 785 4012 anomalis,
804 3948 895 4000 urrato
909 3948 993 4016 passi·
1049 3962 1123 4013 nou,
1148 3955 1176 4002 ot
1199 3956 1273 4017 putat
1285 3948 1328 4001 uit·
1342 3945 1409 4001 alias
1429 3946 1551 4002 eruditus
1563 3988 1571 4011 ,
1585 3949 1741 4019 colloquium
1757 3961 1846 4017 sonas,

195 4020 256 4076 bilis
278 4021 412 4076 credetur.
436 4018 554 4075 Primam
576 4019 765 4074 baereticorum
793 4016 993 4074 contessionem
1047 4017 1095 4073 sed
1115 4028 1284 4079 conuentum.
1311 4018 1437 4073 nimirum
1458 4018 1601 4093 awilipo
1621 4035 1741 4074 convoco.
1766 4020 1847 4077 Gesta

196 4090 278 4148 simili
287 4100 346 4148 arte
359 4099 512 4147 contextam
523 4088 638 4145 aduertit
649 4104 681 4144 ae
694 4090 798 4145 monuit
812 4098 904 4144 noster
917 4088 992 4145 llila·
1047 4088 1120 4145 illius
1133 4098 1225 4144 narrat
1237 4089 1405 4145 sozomenus
1420 4089 1468 4144 ltb.
1483 4105 1528 4156 tv,
1542 4104 1567 4145 o.
1585 4090 1627 4145 15.
1655 4088 1848 4149 Consulendus

196 4163 253 4219 rius
267 4162 315 4218 lib.
326 4178 354 4219 rr
366 4172 394 4218 et
409 4176 436 4217 rr
454 4160 572 4217 deirin.
586 4158 701 4216 blaxlrue
719 4158 992 4217 verolaudatonoe·
1047 4174 1079 4216 ea
1094 4160 1128 4216 de
1139 4176 1168 4216 re
1178 4158 1355 4231 Epriplranins,
1370 4160 1435 4215 lraer.
1451 4176 1545 4227 uranu,
1562 4178 1588 4213 n.
1607 4158 1639 4225 2,
1655 4171 1708 4217 etc.
1721 4162 1771 4231 eri
1787 4165 1848 4232 qui-

197 4234 277 4290 badio
297 4234 443 4304 displicent
467 4231 586 4305 subjecta
612 4230 723 4287 interius
742 4230 824 4288 rerba
849 4248 895 4302 per
917 4248 993 4301 qrrenr
1046 4230 1169 4299 demibi‚
1185 4233 1310 4288 numid
1333 4239 1361 4286 et
1374 4231 1405 4286 11
1420 4272 1427 4296 ,
1442 4231 1538 4303 synodi
1555 4230 1634 4299 lurjus
1646 4231 1754 4288 decreta
1770 4234 1845 4304 plura

197 4320 347 4375 corripiamus
361 4315 417 4360 cst:
431 4309 507 4375 quast
521 4303 581 4360 scil.
597 4302 652 4357 duo
666 4302 764 4359 luerint
779 4302 928 4372 patientes,
944 4303 993 4359 iro·
1044 4302 1128 4358 relert
1139 4318 1220 4374 qnam
1236 4311 1328 4358 noster
1342 4301 1480 4358 llilarius:
1496 4303 1559 4429 qula
1572 4302 1696 4359 uidelicet
1708 4319 1739 4361 ea
1751 4318 1847 4361 recen·

197 4391 243 4431 rno
257 4387 421 4448 assumptus,
435 4385 461 4431 et
473 4388 613 4430 assumens
626 4372 720 4431 Filius.
731 4372 990 4441 lludcdtlranasius,
1043 4381 1085 4428 set
1107 4389 1167 4445 qua
1180 4371 1476 4444 saep-rasamenta.
1513 4373 1618 4430 titanios
1642 4389 1723 4441 nero,
1749 4377 1786 4430 uti
1810 4392 1844 4432 ex

197 4445 246 4503 lib.
266 4447 301 4503 dc
324 4447 433 4502 ortatui
445 4444 570 4501 Adventu
595 4445 621 4501 1.
636 4444 667 4500 C.
695 4460 756 4569 '³³3’
771 4442 841 4511 615,
868 4459 916 4501 eos
930 4460 991 4501 curn
1043 4453 1107 4501 nota
1122 4446 1245 4515 sequenti
1258 4444 1344 4514 palam
1361 4444 1428 4507 liet,
1452 4458 1512 4515 quac
1532 4460 1547 4500 a
1565 4444 1661 4515 synodi
1677 4446 1772 4518 legatis
1784 4445 1866 4531 Sin·

197 4516 305 4574 Arianis
321 4517 509 4586 blasphemare
522 4519 627 4572 incusat
640 4557 647 4583 ‚
662 4517 708 4587 qni
746 4532 803 4571 curn
825 4532 871 4588 per
890 4532 992 4571 carnem
1043 4516 1127 4571 mium
1142 4515 1230 4571 delata
1246 4526 1273 4571 et
1288 4515 1431 4585 publicata.

196 4605 302 4660 possum
324 4605 377 4645 csse
386 4599 410 4642 ct
422 4589 591 4644 carimeniae
601 4587 693 4644 dicunt
704 4603 712 4654 ;
724 4602 783 4641 cunr
795 4586 932 4657 Scriptura
946 4588 1032 4654 dal)
1082 4585 1113 4658 (i)
1136 4588 1261 4643 Proxime
1274 4597 1336 4656 post
1349 4588 1488 4641 anatlremu
1506 4587 1559 4653 rit,
1583 4585 1654 4655 apud
1669 4586 1757 4654 uad,
1774 4589 1845 4655 En,

197 4670 262 4725 cent,
279 4674 324 4730 per
335 4658 420 4716 Deum
434 4662 547 4715 incarne
558 4662 615 4733 ejus
629 4659 924 4729 passioncmcontr'pissc,
940 4675 991 4715 non
1044 4657 1105 4713 ilic.
1121 4667 1148 4713 et
1162 4658 1188 4714 in
1204 4666 1359 4729 pervetusto
1381 4672 1432 4713 ms.
1453 4657 1485 4713 S.
1509 4656 1581 4713 Petri
1606 4657 1691 4714 Varie.
1715 4661 1767 4714 snb
1790 4676 1846 4715 uuo

197 4730 283 4786 Deum
295 4746 341 4800 per
352 4746 455 4785 carnem
469 4747 572 4801 passum
586 4746 648 4785 csse.
1044 4729 1333 4800 eodemquecoutextu
1342 4727 1483 4801 sequitur:
1507 4728 1687 4795 expositiones
1702 4746 1807 4797 omnes,
1821 4732 1845 4786 si

235 4800 275 4875 (rt)
295 4803 324 4858 ln
340 4801 455 4872 vulgatis
467 4842 475 4870 ,
489 4802 579 4857 ciuus.
602 4801 714 4857 Rectius
727 4801 753 4856 iu
768 4814 836 4856 mss.
849 4800 967 4856 emacula
982 4841 990 4868 ‚
1044 4800 1107 4926 zaid
1121 4801 1347 4867 bubcnlcrirntuis,
1358 4802 1428 4854 intra
1439 4815 1467 4854 se
1480 4798 1593 4867 babent,·
1605 4809 1723 4857 ceterum
1734 4818 1785 4856 non
1799 4803 1846 4856 lra-

198 4873 290 4937 idest,
305 4888 426 4928 sunrnra:
444 4874 514 4943 qnod
527 4886 614 4943 graece
628 4887 736 4928 versum
747 4881 788 4929 est
802 4895 829 4930 κε
865 4872 945 4928 λαῖον.
1062 4887 1104 4926 cre
1119 4872 1147 4925 iu
1160 4871 1265 4941 publica
1283 4871 1549 4943 gaciccm'rtinruutur.
1570 4872 1623 4927 Sed
1639 4872 1801 4943 quinceium
1815 4889 1846 4927 ca

248 4960 261 4998 e
291 4944 319 4999 ln
333 4958 400 5001 mss.
416 4953 572 4999 constanter
589 4942 748 5011 Paraclr'tus,
763 4955 809 4998 aru
824 4895 990 5014 ffirnclptus.
1044 4942 1102 4998 solo
1113 4941 1302 4999 Sr'rnriuaresse
1319 4942 1415 4998 delata.
1432 4941 1487 4996 liae
1499 4942 1583 4997 altero
1599 4952 1661 4999 nota
1676 4944 1846 5016 apologetica

292 5016 403 5087 Supple‚
418 5031 458 5071 res
472 5031 568 5069 eorurrr.
594 5013 650 5070 lloe
664 5016 751 5070 altero
763 5014 894 5073 orationis
907 5028 993 5069 mem-
1044 5013 1166 5070 declarat
1187 5013 1321 5081 utrarios,
1337 5014 1425 5069 nullas
1440 5011 1626 5069 detritionem
1640 5030 1755 5079 caram,
1776 5029 1845 5086 quas

196 5087 248 5144 bro
261 5087 411 5158 explicatur
428 5087 545 5143 essentia
563 5086 672 5157 genita,
695 5086 763 5141 sieut
785 5084 918 5158 superiori
940 5099 994 5140 non
1045 5084 1120 5141 solas
1132 5085 1167 5141 ab
1179 5083 1329 5157 Aneyranae
1348 5082 1446 5157 synodi
1469 5084 1563 5153 legatis
1577 5085 1704 5141 Sirmium
1720 5100 1782 5141 esse
1797 5086 1848 5142 de-

197 5167 270 5214 nata.
676 5167 679 5171 ’
1048 5156 1117 5211 Ιειεε
1132 5155 1224 5218 sciret.
1241 5159 1268 5210 ln
1281 5155 1386 5227 publiea
1401 5155 1469 5211 iaeie
1489 5165 1516 5211 et
1530 5154 1677 5211 secundum
1695 5157 1847 5212 uerborum

235 5228 276 5302 (g)
296 5228 355 5285 Non
381 5229 460 5284 aliam
476 5235 586 5298 praestat
597 5225 761 5283 Pboebadlus
774 5226 933 5282 substantiae
947 5240 996 5282 uo·
1047 5239 1149 5289 sonos.
1168 5225 1314 5296 quidquam
1334 5225 1435 5282 habere
1448 5226 1520 5296 qnod
1535 5226 1790 5296 reprehendendum
1807 5228 1849 5283 ui-

198 5301 319 5356 tioneme
343 5300 493 5356 Substantia
505 5300 583 5365 eninr,
602 5298 698 5369 inquit,
710 5299 805 5352 dicitur
815 5297 843 5352 id
852 5296 921 5367 quod
929 5314 996 5353 senr-
1047 5297 1144 5354 dentur
1155 5337 1164 5365 ,
1176 5298 1299 5368 quamuis
1313 5296 1434 5353 fraudem
1448 5296 1499 5352 sub
1511 5297 1643 5368 speciosis
1658 5298 1747 5355 uerbis
1761 5297 1849 5353 laten-

198 5387 283 5443 perca
293 5383 404 5437 scrcest,
414 5373 461 5426 lroc
471 5381 519 5439 cst;
529 5369 599 5441 quod
610 5372 715 5441 proprio
726 5369 925 5425 intrasroirtrue
938 5369 998 5423 sub·
1048 5378 1103 5425 tem
1118 5383 1172 5424 nou
1187 5378 1277 5439 neget.
1305 5368 1371 5436 Quae
1385 5378 1448 5425 nota
1462 5367 1535 5425 rnale
1548 5367 1655 5438 quidem
1670 5370 1696 5425 in
1710 5369 1852 5441 praeteris

199 5444 281 5499 assit:
293 5458 351 5514 qua
361 5443 400 5498 ris
412 5444 457 5497 uni
470 5451 494 5497 et
507 5443 556 5497 soli
576 5441 630 5495 lico
644 5442 772 5513 competit.
799 5439 881 5497 Vocis
896 5440 997 5495 utrius·
1049 5440 1126 5496 libris
1147 5440 1235 5496 lorum
1251 5440 1276 5493 in
1291 5447 1367 5495 textu
1377 5438 1512 5495 obtinuit:
1535 5439 1583 5495 sed
1606 5450 1695 5498 tamen
1717 5456 1770 5496 uon
1785 5443 1846 5497 sino

199 5528 252 5585 qne
266 5515 391 5570 distincta
405 5514 474 5570 ratio
486 5512 634 5584 explicatur
644 5510 805 5579 Fragmenta
818 5527 848 5579 n,
865 5529 891 5567 a.
906 5511 952 5567 51.
1049 5510 1146 5582 irrinria
1162 5528 1176 5566 a
1190 5510 1282 5580 Lipsio
1295 5524 1406 5582 prorsus
1420 5524 1563 5583 suppressa
1588 5510 1647 5565 luir.
1672 5512 1741 5567 Cum
1755 5521 1848 5568 autem

238 5583 277 5659 (ιε)
299 5585 370 5654 Quas
388 5585 449 5641 scil.
465 5588 581 5655 dncprae
595 5599 639 5638 an.
654 5581 728 5649 558,
750 5582 832 5653 paulo
846 5593 908 5640 ante
922 5582 994 5638 diem
1048 5596 1125 5708 aeque
1136 5582 1264 5651 respiciat
1278 5596 1372 5639 omnes
1385 5580 1723 5652 Aneyrauasdeflnitiones
1736 5583 1850 5640 inlectus

199 5655 312 5714 Pascha
321 5654 475 5727 congregati
488 5655 708 5725 conscripserunt
718 5655 751 5710 ad
765 5652 995 5726 comprimendam
1049 5668 1079 5708 re
1091 5662 1158 5718 atas3
1172 5652 1267 5723 primae
1280 5652 1341 5708 luric
1351 5668 1405 5708 rron
1420 5653 1546 5725 postponi
1559 5653 1661 5723 debuit,
1685 5653 1733 5711 sed
1759 5654 1851 5725 potius

199 5726 394 5785 Aaomoeorum
410 5728 585 5796 impietatem.
611 5725 749 5783 Eudoxias
774 5726 846 5783 enirn
872 5741 933 5783 cum
949 5740 996 5780 au·
1049 5724 1188 5791 anteproni.
1204 5723 1287 5795 bingis
1300 5724 1380 5780 etiam
1397 5724 1514 5796 placeret
1528 5725 1669 5781 carolus.
1686 5764 1715 5780 ..
1737 5725 1850 5781 delatas.

199 5798 284 5857 disset
298 5798 361 5873 qnid
376 5799 467 5855 Sirmii
482 5799 600 5870 egissent
614 5796 761 5867 limacius,
786 5797 882 5856 Valens
905 5811 940 5853 ac
952 5811 997 5854 so·
1085 5794 1124 5869 (j)
1135 5795 1224 5863 inditi,
1240 5805 1267 5851 ut
1279 5811 1336 5853 nere
1346 5797 1432 5871 imago
1444 5798 1487 5852 sit.
1506 5795 1669 5869 Expressius
1682 5810 1760 5866 mss,
1775 5804 1801 5851 ut
1812 5798 1850 5855 rei

382 5895 521 5956 Parnon.
549 5893 591 5955 X.
1436 5969 1446 5975 ⁶
1593 5887 1632 5949 16
