4209 6250
358 1367 613 1454 OPERUM
641 1368 780 1482 QUAE
807 1364 870 1452 IN
898 1365 1024 1459 HOC
1051 1364 1367 1456 VOLUMINE
1404 1368 1860 1457 CONTINENTUR.

368 2294 416 2355 De
429 2291 588 2355 Trinitato
600 2291 673 2354 libri
688 2290 868 2358 duodecim.

370 2395 469 2458 Liber
484 2394 523 2457 de
533 2394 669 2477 synodis
686 2413 745 2458 een
758 2396 836 2459 Fide
852 2394 1080 2460 Orientalium.

367 2496 578 2577 apologetica
594 2496 636 2560 ad
649 2498 901 2577 reprehensores
917 2498 991 2561 linui
1011 2499 1052 2560 de
1070 2494 1206 2576 Synodis
1223 2506 1392 2573 response.

366 2595 484 2658 Hilarii
499 2596 637 2676 epirlola
651 2594 691 2659 ad
706 2598 826 2663 abram
842 2596 943 2661 filiam
961 2614 1066 2661 ruam

365 2690 513 2775 Hymnus
528 2695 631 2758 eidem
647 2696 689 2760 ab
706 2696 821 2760 eodem
833 2697 964 2761 missus.

366 2795 513 2860 Censura
527 2797 662 2860 alterins
677 2797 789 2879 hymni
802 2799 929 2863 Hilario
947 2815 1117 2880 perperam
1133 2797 1257 2860 tributi.

364 2898 454 2961 Libri
467 2899 533 2962 dno
547 2897 587 2962 ad
604 2899 833 2975 Constantium*
842 2901 1038 2983 Augurium.

365 3000 464 3063 Liber
478 3003 593 3064 contra
609 2999 848 3064 Conslanlinm.

364 3103 463 3166 Liber
482 3106 597 3167 contra
608 3102 748 3167 Arianos
764 3103 816 3167 vel
832 3103 1043 3168 Auxentium.

366 3206 556 3283 Quindecim
568 3206 764 3289 Fragmenta
776 3225 819 3273 oa
834 3208 942 3289 Opere
953 3210 1130 3272 Historioo.

364 3309 560 3389 Fragmenta
574 3327 617 3372 ex
629 3309 702 3373 aliis
717 3310 749 3372 S.
767 3310 882 3374 Hilarii
901 3311 1067 3392 operibor.

365 3409 398 3472 S.
412 3409 528 3473 Hilarii
545 3410 692 3490 Epistola
710 3429 767 3474 sen
785 3411 927 3475 linellne
940 3429 1015 3475 cnm
1032 3411 1219 3491 malatinae
1234 3415 1266 3476 et
1279 3409 1574 3476 dissertalionibne.

366 3511 478 3573 Sermo
490 3511 526 3572 B.
544 3511 660 3576 Hilarii
672 3511 711 3574 de
724 3512 926 3578 dedicatione
942 3513 1097 3577 ecelesia.

365 3617 462 3681 Liber
475 3616 514 3680 de
528 3616 601 3679 Filii
617 3619 650 3680 et
662 3618 767 3681 Patria
784 3617 922 3682 Unilale.

363 3718 460 3781 Liber
474 3717 513 3780 do
527 3716 678 3781 dissentia
690 3718 794 3781 Patris
807 3720 840 3782 et
851 3717 938 3781 Filii.

365 3817 490 3882 Nicolai
501 3816 598 3881 Fabri
613 3816 646 3879 in
662 3817 858 3899 Fragmenta
870 3818 985 3883 Hilarii
1002 3816 1157 3899 praelatio.

365 3918 466 3982 index
478 3935 588 3981 rernm
600 3920 633 3979 et
645 3919 892 3984 sententiarum.

365 4019 467 4084 index
481 4021 682 4086 Gloriarnm.
