4209 6250
157 294 210 355 729
534 296 566 353 ΙΝ
597 294 725 353 ttttatttt
744 296 935 355 uctstbuutt
955 298 1021 357 SEU
1041 298 1214 356 lebbbUll
1236 297 1431 359 sumitate.
1756 298 1809 358 'lae

157 430 291 488 ronymns
302 414 384 472 tradit
398 415 454 488 (aiz
470 436 480 469 ι
496 416 525 473 S.
541 416 659 475 Hilarius
667 418 809 476 Gallicano
823 418 998 485 cotburnoA
1045 420 1158 478 Accedit
1170 419 1204 477 ad
1216 420 1273 477 uae
1284 419 1402 477 albaritas
1413 416 1543 476 nonnulla
1552 416 1691 476 nominum
1703 417 1807 488 Hilarii,

158 509 304 574 attollitur,
320 518 347 565 et
357 525 440 581 quum
455 509 568 567 Graeciae
582 508 862 580 duribusadoruetur‚
873 512 961 583 {uirgis
1009 522 1037 572 et
1052 513 1228 588 Hieronymi;
1244 514 1340 571 iisdem
1351 512 1423 569 enim
1439 511 1537 569 litteris
1552 520 1697 583 utrumque
1710 524 1809 569 rtomeu

158 604 296 663 interdum
310 602 430 674 periodis
441 604 602 672 involvitur,
618 613 646 663 et
659 620 674 661 a
685 604 962 676 lectioueeimplicio-
1010 607 1115 678 incipit.
1130 606 1199 662 Hinc
1219 607 1343 678 suspicor
1355 603 1451 662 Hilarii
1473 620 1571 662 nomen
1585 603 1690 662 duabus
1705 613 1808 661 tantum

161 716 224 758 rute
240 700 353 757 iratrarn
366 698 461 769 procul
474 707 525 755 cst.
546 718 556 752 ι
573 697 666 767 Neque
686 699 712 754 in
727 713 759 757 ea
773 698 961 756 desideramus
1011 698 1146 770 prioribus
1158 698 1256 755 litteris
1271 698 1418 754 indicatum
1434 696 1493 771 (Hi
1505 695 1516 769 l
1529 715 1536 753 :
1551 706 1580 754 et
1603 697 1666 753 lruic
1686 696 1811 767 epistol-c

158 795 323 857 ubertatem,
347 806 382 847 oc
399 793 526 859 nitorem,
545 806 625 863 quem
639 793 665 848 in
680 790 820 850 Gallorum
836 790 960 861 Scripto-
1009 792 1185 865 prepositum
1211 792 1340 848 iuducere
1363 790 1442 847 lacile
1467 791 1588 861 potuisse
1616 804 1810 847 amanuensem

158 902 220 944 runa
247 881 499 943 elucubrationibus
527 882 632 940 enitere
654 881 721 939 alibi
743 891 860 939 testatur
887 881 960 939 idem
1010 893 1133 941 ιιιιιιιιιιιι
1149 899 1202 941 non
1213 883 1359 940 admodum
1372 883 1488 940 tortasse
1503 884 1641 955 peritum,
1662 892 1692 939 ut
1712 882 1810 941 Hiero·

160 977 345 1050 Hicranymus
357 974 409 1046 (l).
423 974 555 1045 Denique,
569 988 604 1030 ne
614 972 698 1031 murita
713 971 858 1044 proteram,
871 974 898 1030 in
910 971 962 1030 bac
1011 992 1095 1049 uptun
1107 976 1242 1034 tribacrm
1268 974 1391 1033 libellum
1410 975 1511 1043 istum,
1531 975 1577 1046 qui
1595 974 1698 1033 Hilario
1719 975 1811 1046 utique

160 1084 230 1127 sane
241 1068 356 1139 epistola
368 1081 399 1123 se
413 1066 502 1137 prodit
513 1066 548 1135 ls,
564 1080 644 1139 quent
655 1065 866 1124 disertissimum
877 1065 962 1123 luisse
1012 1070 1101 1128 lucrat
1114 1070 1285 1128 tribuendus.

159 1162 290 1221 emactmt
314 1159 360 1216 illa
374 1158 496 1230 ejusdem
512 1160 615 1232 pariter
636 1160 792 1233 Hieronymi
805 1160 886 1217 rerba
901 1159 959 1235 (cir
1047 1165 1075 1222 l.
1092 1163 1180 1236 Atque
1194 1164 1237 1220 bis
1249 1162 1359 1237 quidem
1373 1161 1539 1235 conjecturis
1553 1162 1648 1231 ducor,
1666 1171 1697 1219 ut
1708 1128 1811 1240 bila&

160 1254 218 1312 Nec
230 1254 377 1310 liranum
391 1268 479 1308 amnas
494 1251 599 1309 Hilario
614 1269 625 1310 .·
638 1253 740 1326 quippe
761 1253 820 1325 qui,
838 1262 907 1311 teste
918 1254 961 1311 bic
1011 1258 1186 1326 Pictariensi,
1203 1258 1317 1329 ideoque
1331 1257 1553 1329 praeclarissimo,
1566 1266 1594 1313 et
1607 1256 1685 1314 valde
1696 1265 1804 1313 vetusto

160 1363 269 1421 quoquc
280 1347 445 1420 Hieronymo
458 1345 510 1420 (d),
527 1365 536 1400 ι
554 1346 699 1405 brmdecim
710 1346 868 1414 tirrintitiani
879 1346 962 1403 libros
1011 1351 1138 1421 scriptori
1148 1351 1290 1421 epistolam
1304 1350 1374 1406 banc
1384 1350 1548 1407 adscribam.
1560 1348 1629 1405 Holo
1645 1357 1734 1405 tamen
1750 1347 1808 1405 dis·

163 1452 192 1500 ct
206 1442 278 1515 stylo
288 1443 409 1498 imitatus
424 1451 477 1503 est,
492 1450 521 1497 ct
541 1455 657 1497 atrmero
671 1439 726 1512 (e),
738 1439 871 1510 brevique
885 1438 962 1497 libel-
1011 1444 1144 1501 simulare
1156 1459 1214 1511 eas,
1226 1458 1295 1515 quas
1307 1444 1374 1500 mibi
1388 1444 1429 1499 vir
1444 1442 1624 1508 clarissimus,
1640 1440 1741 1513 quique
1755 1442 1810 1513 pri·

165 1537 204 1603 lo,
217 1551 297 1606 quem
311 1532 420 1605 scripsit
441 1543 538 1590 contra
554 1533 714 1590 blascorum
737 1533 882 1599 medicum,
897 1532 962 1605 quid
1013 1551 1073 1592 mas
1086 1536 1112 1590 in
1124 1536 1256 1592 litteraria
1276 1535 1415 1608 republica
1431 1535 1608 1592 tenererisas
1620 1542 1665 1591 est
1678 1534 1730 1608 (q),
1746 1533 1811 1590 milri

164 1630 192 1685 in
207 1626 305 1683 litteris
320 1627 418 1699 pessit,
431 1624 561 1682 ostendit.
581 1643 591 1679 ι
606 1624 715 1683 lnitinm
736 1625 858 1696 prolecto
882 1625 963 1695 bajus
1012 1626 1113 1699 obiecit
1126 1626 1311 1685 dillicnltates.
1335 1627 1468 1684 Nimirum
1491 1627 1518 1682 ι’
1529 1626 1563 1682 ad
1577 1612 1811 1699 martyrium‘rult

162 1720 285 1793 epistolae
296 1719 476 1777 raldeuobile
489 1728 542 1786 cst,
559 1734 610 1776 nee
623 1719 715 1775 minus
728 1721 884 1789 praestantia
900 1734 962 1790 quae
1012 1722 1130 1793 scriptor
1143 1722 1194 1778 istc
1205 1730 1314 1793 paratos
1326 1737 1384 1789 eos,
1396 1721 1685 1792 quibnsepistolabcce
1699 1719 1812 1793 legenda

160 1813 371 1887 sermomonem
382 1812 612 1870 utsabiimitatem
624 1811 710 1880 illam,
724 1822 752 1869 et
763 1811 960 1883 eloquentiam,
976 1809 1000 1872 B
1012 1823 1082 1870 crat.
1094 1812 1241 1885 Antiquior
1254 1828 1320 1886 erqo
1330 1813 1432 1869 Hilario
1443 1823 1539 1870 auctor
1554 1812 1627 1869 iHius
1640 1822 1699 1879 est;
1713 1813 1814 1886 quippe

161 1922 242 1978 qnam
257 1906 284 1962 in
299 1905 403 1963 Hilario
417 1903 610 1961 commendant
623 1915 741 1973 ueteres,
762 1904 790 1961 in
807 1918 840 1961 ca
854 1917 962 1977 quoque
1014 1904 1060 1975 qui
1085 1904 1278 1974 imperatorum
1308 1904 1458 1960 Ecclesiam
1487 1905 1706 1976 persequentium
1733 1912 1814 1960 acute

161 1997 242 2056 lacile
255 1999 378 2070 detegas.
1014 1997 1092 2053 risit.
1102 1997 1132 2052 2⁰
1141 1996 1251 2053 Fatetur
1264 1998 1387 2068 epistolae
1402 1996 1482 2069 hujus
1495 1997 1624 2070 scriptor,
1637 1996 1720 2054 lldem
1735 2010 1812 2052 suam

198 2095 225 2150 5.
240 2092 309 2149 illud
330 2093 413 2150 ctiam
435 2093 462 2149 in
486 2090 588 2148 Hilario
612 2102 742 2153 notarunt
763 2092 874 2162 Critici,
890 2092 963 2166 quod
1014 2090 1098 2147 luisse
1113 2090 1139 2145 iu
1154 2089 1265 2146 dubium
1279 2099 1447 2146 reuocatam.
1461 2108 1471 2144 ι
1489 2089 1524 2145 Et
1543 2090 1632 2146 sciant
1646 2088 1738 2145 mannii
1751 2087 1813 2145 lidei

161 2200 244 2243 voces
257 2185 403 2242 admodum
412 2176 599 2257 infrequentes
607 2187 781 2257 scriptissuis
791 2187 894 2243 inserat
907 2185 943 2260 (l)
957 2206 963 2240 :
1015 2197 1084 2239 mea
1097 2182 1243 2253 praestitam
1255 2184 1400 2252 rationem,
1416 2193 1442 2240 et
1454 2184 1603 2240 coartenire
1616 2199 1677 2240 cura
1692 2183 1814 2240 Ecclesia

162 2288 245 2349 atquo
260 2276 287 2333 iti
301 2275 411 2350 quidem
426 2277 453 2332 in
469 2276 520 2332 bac
539 2278 597 2348 ipsa
621 2277 736 2349 epistola
753 2280 882 2336 occurrit.
898 2278 965 2347 Quis
1015 2285 1221 2347 recognoscant.
1244 2297 1254 2331 r
1273 2278 1307 2332 At
1318 2278 1379 2347 quis
1396 2277 1421 2332 id
1436 2278 1470 2332 do
1485 2274 1587 2333 Hilario
1597 2275 1697 2333 audeat
1705 2274 1815 2332 dicere?

163 2372 236 2428 enim
265 2385 346 2428 voces
371 2371 430 2439 bas,
455 2371 550 2439 initiat,
566 2370 766 2449 splendificam,
791 2372 963 2439 sacerdotnm,
1015 2368 1073 2438 qui,
1088 2375 1117 2423 ut
1129 2367 1272 2438 Augustini
1287 2369 1378 2425 verbis
1393 2377 1453 2427 utar
1471 2367 1524 2442 (tr),
1544 2368 1697 2427 «Ecclesia
1718 2367 1815 2424 eatba-

163 2464 308 2536 ronsuerir,
334 2478 402 2535 qaas
426 2462 470 2520 bic
484 2463 625 2531 irritamen,
651 2464 685 2521 lis
709 2466 821 2522 vocibus
834 2481 966 2523 annume-
1015 2460 1074 2516 licae
1087 2459 1217 2515 aduersus
1231 2459 1374 2516 ttaretieos
1383 2462 1534 2517 acerriums
1546 2460 1685 2526 delensor;
1699 2458 1815 2518 cathali-

165 2555 248 2621 rasit,
264 2569 331 2627 quas
342 2555 441 2612 crebro
453 2554 631 2612 adhibemus?
641 2556 718 2625 Quod
730 2556 752 2613 si
763 2557 964 2629 explicationis,
1015 2565 1063 2606 cns
1074 2560 1101 2608 et
1114 2551 1227 2620 insignis
1235 2550 1364 2608 Ecclesiae
1378 2551 1519 2607 catltolicu
1530 2552 1641 2619 doctor3
1655 2563 1682 2607 et
1692 2565 1745 2607 uon
1756 2564 1814 2606 nra·

165 2651 260 2722 reique
275 2648 375 2707 clarius
390 2649 560 2706 illustrandae
574 2664 654 2706 causa
670 2665 772 2721 grecas
785 2665 867 2706 uoces
887 2663 966 2705 usur·
1007 2643 1117 2701 ,diocris
1128 2645 1297 2701 auctoritatis
1306 2645 1334 2699 in
1349 2647 1511 2702 tractatione
1526 2645 1775 2715 Scripturantm,et
1788 2645 1814 2700 in

166 2753 213 2816 pat
236 2741 263 2797 in
279 2741 337 2798 sais
361 2741 438 2798 libris
462 2741 603 2798 Hilarius:
617 2756 778 2812 uaequoquc
800 2741 827 2796 ln
843 2740 965 2811 Epistola
1015 2736 1169 2793 assertione
1181 2735 1243 2792 ddci
1266 2736 1307 2791 tir
1320 2737 1473 2808 appellatus
1494 2746 1546 2793 est.
1565 2757 1575 2791 ι
1593 2737 1640 2794 His
1655 2736 1760 2795 scilicet
1779 2736 1815 2794 ad

166 2836 382 2894 bacuccurruut.
399 2835 429 2892 Si
451 2851 467 2891 a
482 2849 548 2891 roca
564 2835 716 2891 tramoaaimr
731 2835 764 2890 atl
780 2835 965 2890 coirsubstan-
1016 2829 1087 2887 lianc
1103 2829 1214 2888 modum
1236 2846 1363 2888 occurro.
1374 2830 1527 2887 Corastantii
1542 2842 1664 2903 ternpore
1676 2833 1815 2891 exstitisse

166 2926 311 2982 tialitatem
335 2925 417 2981 Verbi
432 2925 621 2995 explicandam
646 2924 736 2996 quoad
762 2933 866 2992 potest,
884 2933 967 2990 ,cavet
1015 2924 1138 2992 multos,
1164 2925 1211 2998 qai
1235 2937 1347 2995 propter
1370 2925 1535 2982 Ortlrodosae
1550 2926 1612 2982 ltdei
1627 2926 1814 2985 delensionem

166 3018 303 3082 Hilarius,
332 3019 458 3090 illiusque
473 3019 534 3076 loco
557 3018 752 3088 explicationes
767 3018 834 3074 alias
848 3021 875 3073 in
890 3017 966 3074 libris
1016 3034 1072 3076 nou
1088 3017 1168 3075 modo
1183 3018 1210 3074 in
1225 3018 1352 3075 exsilium
1367 3020 1452 3083 missi,
1467 3023 1561 3076 tenum
1572 3021 1655 3075 etiarn
1681 3022 1813 3093 martyrio

166 3114 224 3170 suis
237 3110 390 3178 substituit,
404 3127 437 3168 nc
459 3111 563 3169 seilicet
583 3111 618 3167 de
636 3111 758 3178 nornine,
776 3127 829 3166 ιιιιιι
852 3109 887 3168 dc
907 3110 964 3180 ipsa
1018 3111 1102 3168 lancti
1116 3111 1181 3178 sint,
1196 3110 1355 3168 indubitatis
1368 3113 1550 3169 monumentis
1562 3115 1745 3185 assequimur.
1760 3114 1816 3174 lie-

166 3206 248 3261 Verbi
262 3202 553 3269 consubstantialitate,
564 3211 646 3274 atque
658 3204 820 3272 aeternitate,
846 3218 878 3259 ac
896 3219 965 3273 parm·
979 3193 1002 3256 C
1018 3203 1071 3260 rito
1083 3203 1174 3275 itaque
1188 3202 1222 3259 ad
1234 3202 1395 3276 martyrium
1408 3214 1516 3275 paratos
1534 3220 1596 3262 esse
1605 3205 1734 3276 cupiebat
1747 3208 1814 3264 lide·

35 3323 58 3338 κ
166 3297 265 3352 stantia
275 3296 415 3352 decertare
429 3295 569 3362 ridentum
584 3295 610 3350 id
626 3310 735 3366 quoque
749 3296 793 3352 bic
808 3296 921 3367 peragit.
936 3294 965 3350 ld
1017 3297 1058 3354 les
1070 3297 1297 3369 nostmeqregins
1310 3298 1442 3368 scriptor,
1456 3298 1489 3353 ad
1504 3299 1700 3355 testitleandam
1710 3300 1817 3358 scilicet

167 3386 270 3459 pariter
282 3389 309 3443 in
320 3387 433 3458 epistola
445 3387 496 3444 lmc
506 3389 667 3453 observans,
682 3386 753 3459 quod
765 3387 792 3445 in
804 3387 918 3459 reliquis
932 3387 966 3442 li·
1016 3392 1150 3463 sanquine
1162 3406 1213 3448 suo
1226 3389 1391 3448 Ortbudoxaa
1406 3393 1584 3450 contessionis
1599 3404 1752 3451 veritatem.
1774 3398 1815 3450 An

166 3480 224 3538 bris
234 3481 291 3537 suis
301 3481 433 3540 adversus
446 3480 563 3536 Arianos
579 3479 719 3550 disputans
732 3480 859 3551 religiose
870 3480 966 3535 obser·
1018 3498 1073 3539 non
1088 3484 1169 3540 etiam
1186 3481 1302 3538 dubitari
1323 3485 1422 3539 rrrerito
1436 3494 1553 3554 poterat,
1573 3476 1607 3540 ne
1625 3496 1733 3540 uitrrtnu
1744 3483 1817 3541 Cou·
1873 3500 1876 3504 ’

168 3583 261 3630 rarat:
278 3582 308 3630 ut
319 3574 423 3632 scilicet
435 3588 532 3630 eorum
545 3572 653 3643 quidem
665 3587 775 3629 errores
789 3572 966 3630 veliementer
1017 3576 1119 3632 statutio
1131 3574 1166 3631 ad
1183 3574 1320 3631 bominem
1336 3584 1451 3632 uetustae
1469 3576 1656 3647 superstitioni
1678 3576 1814 3631 addietum

167 3665 323 3737 redarguat,
344 3676 372 3722 at
386 3667 523 3725 neounem
544 3667 654 3723 noirtine
676 3666 795 3736 appellet
808 3682 816 3726 ι
831 3676 911 3739 atquc
931 3667 965 3723 ab
1019 3668 1212 3724 translerretur
1223 3668 1379 3737 imperitum,
1398 3683 1487 3738 corpure
1499 3679 1629 3736 regnatne
1642 3667 1739 3722 iterum
1753 3682 1816 3722 cra-

167 3760 264 3818 cdioso
275 3762 432 3817 bimorum
449 3773 475 3817 ct
491 3761 715 3819 semiarianorum
738 3759 869 3817 uocabulo
888 3774 966 3831 pror·
1017 3764 1150 3832 gitaretur
1162 3761 1302 3818 Ecclesia?
1313 3762 1390 3831 Quod
1402 3764 1424 3818 si
1436 3761 1683 3832 reqrrarrtelnliaao
1695 3761 1737 3817 ais
1758 3762 1817 3832 epi·

166 3857 358 3913 sosabstineat
370 3874 378 3911 :
389 3871 469 3928 quam
482 3855 590 3926 quidem
605 3852 641 3909 nb
654 3868 711 3910 rem
725 3851 851 3910 Lucilero
860 3852 965 3909 Caburi·
1018 3855 1116 3913 stolam
1130 3855 1199 3912 itanc
1210 3858 1404 3926 conscriptam,
1415 3871 1495 3927 quam
1509 3865 1582 3912 recte
1595 3855 1629 3909 ad
1644 3854 1815 3911 auberrudtuu

167 3959 234 4006 tana
253 3949 408 4020 displicuit,
425 3949 521 4019 ctplus
539 3962 618 4018 aequo
639 3946 713 4003 uritis
727 3946 862 4017 apparuit.
877 3943 967 4013 Quid?
1020 3948 1178 4020 artareprinm
1195 3956 1304 4018 paratos
1333 3947 1427 4004 lidelcs
1447 3947 1574 4017 cupiebat
1598 3945 1734 4012 Hilarius,
1748 3961 1817 4017 quos

167 4044 241 4119 quod
249 4044 351 4100 caedem
360 4044 440 4112 paulo
453 4041 596 4098 liberiores
604 4039 727 4112 pbrascs,
741 4040 891 4110 pracsertim
904 4054 965 4094 curn
1019 4057 1154 4098 summum
1170 4041 1197 4097 in
1212 4041 1322 4097 ruodum
1344 4055 1359 4096 a
1373 4039 1535 4106 Gentilibus,
1551 4040 1649 4110 quibus
1662 4039 1750 4111 palam
1764 4038 1817 4095 im·

168 4138 319 4208 despuito
333 4135 445 4202 Sancto,
462 4134 496 4190 de
511 4132 707 4190 lncamatiouis
729 4131 858 4203 mysterio
870 4173 878 4199 ,
892 4131 968 4188 etde
1020 4146 1129 4208 perator
1143 4135 1202 4205 ipsc
1222 4134 1341 4199 larebat,
1353 4143 1464 4190 vexatos
1479 4132 1622 4189 norimus?

168 4246 260 4287 rerum
274 4230 412 4285 creatione
426 4226 546 4293 disserit,
558 4240 618 4296 quae
630 4225 655 4279 in
672 4224 748 4279 libris
756 4223 849 4279 Hilarii
864 4225 896 4279 de
907 4221 968 4278 Tri·
1056 4225 1083 4282 5.
1097 4226 1266 4298 Quamquam
1282 4241 1363 4301 porro
1376 4240 1423 4281 eas
1434 4225 1526 4280 latiales
1540 4222 1671 4280 meruerit
1683 4222 1817 4289 Hilarius,

169 4325 250 4380 nitate
271 4332 441 4385 occurrunt,
464 4328 610 4376 ⁰0⁰¹¹tt⁰¹¹l
635 4318 736 4386 baillet
758 4318 785 4372 i¹¹
813 4332 861 4382 ea,
887 4333 967 4389 «tutum
1019 4325 1119 4396 quibus
1132 4325 1166 4380 ab
1180 4322 1338 4395 dtrpustino¹
1351 4322 1527 4393 Hieronymo,
1543 4321 1683 4387 Cassiano,
1705 4319 1819 4388 aliisque

169 4407 968 4488 corrigamus,speminmittentiaqnoqoeeadcmexstans
1021 4415 1243 4472 celebratissimis
1257 4416 1323 4470 riris
1335 4426 1447 4470 ornatus
1460 4424 1520 4480 cst,
1537 4412 1714 4469 indubitatum
1727 4421 1769 4467 eat
1780 4420 1820 4465 ta·

170 4528 222 4568 nec
234 4509 385 4573 dissimilis,
395 4510 434 4565 uti
447 4507 575 4573 diximus,
588 4520 679 4563 sermo
691 4514 734 4561 est
749 4522 756 4559 r
769 4514 851 4574 atque
864 4505 891 4559 it
903 4518 970 4561 sane
1021 4526 1096 4578 men,
1110 4510 1145 4566 de
1156 4509 1228 4566 illius
1242 4508 1295 4564 lide
1307 4509 1390 4564 luisse
1405 4507 1439 4564 ab
1452 4507 1585 4578 aliquibus
1602 4504 1686 4561 nimio
1703 4505 1765 4576 plus
1778 4517 1820 4559 sc-

171 4607 310 4673 latebitur,
320 4604 365 4675 qui
374 4603 574 4669 annotationes,
589 4617 655 4670 quas
666 4602 754 4656 eidem
765 4599 887 4670 epistole
901 4599 970 4671 adji—
981 4586 1009 4647 D
1021 4603 1093 4660 aeris
1116 4604 1288 4672 austerisque
1300 4599 1463 4658 dubitatum.
1483 4598 1603 4654 ldlaciie
1615 4596 1755 4661 fatebitur,
1773 4593 1820 4662 qui

170 4701 286 4760 meritos,
298 4694 434 4767 expendet
449 4712 455 4748 z
470 4699 583 4751 enorum
598 4708 649 4748 trun
667 4692 771 4748 modica
787 4692 892 4750 illarum
907 4709 968 4764 pars
1021 4696 1055 4753 ad
1071 4696 1169 4753 librum
1180 4695 1214 4752 ab
1229 4694 1331 4752 Hilario
1340 4691 1374 4749 ad
1383 4708 1438 4749 suu
1453 4692 1513 4746 tltlei
1524 4690 1713 4762 dalertsioncm
1724 4686 1821 4743 aduor-

171 4791 308 4863 respiciet,
325 4799 355 4845 ut
368 4787 492 4845 adductis
508 4786 603 4844 Hilarii
619 4785 708 4842 verbis
722 4786 891 4850 osteardatur,
906 4801 967 4841 curn
1022 4803 1070 4846 ans
1091 4787 1208 4846 bucilcri
1233 4786 1380 4844 Gabritani
1403 4784 1591 4842 accusationes
1618 4780 1818 4851 compositum,

170 4885 284 4956 reliquis
297 4883 370 4939 illius
380 4880 456 4936 libris
470 4878 613 4950 epistolam
627 4877 697 4934 banc
708 4892 762 4934 non
772 4876 852 4934 modo
863 4877 889 4930 in
904 4874 969 4930 doc·
1022 4885 1141 4939 animum
1157 4880 1314 4939 adverterit.
1331 4880 1418 4949 Lepas
1439 4879 1515 4934 illum
1539 4877 1673 4940 obsecro,
1694 4883 1721 4929 et
1736 4871 1822 4928 marii-

171 4979 254 5044 triua‚
268 4991 360 5033 rerum
375 4973 458 5030 etiam
477 4970 613 5028 interdum
629 4972 655 5026 in
672 4970 808 5028 locutione
823 4971 894 5041 ipsa,
907 4985 971 5025 ter·
1022 4975 1092 5030 testo
1107 4974 1258 5045 conspicies
1272 4984 1394 5028 coactnm
1413 4971 1496 5027 luisse
1521 4967 1668 5034 Hilarium,
1695 4964 1819 5019 nitidem

171 5072 323 5142 baasamque
335 5065 523 5139 dispositione,
536 5078 568 5120 ac
583 5063 696 5121 circuitu
707 5064 862 5120 contenire.
1022 5080 1099 5123 sunm
1111 5061 1610 5133 acriminationibusbajusceepiscopi
1619 5055 1766 5112 viridicarct
1777 5052 1819 5124 (i).

208 5212 248 5284 (a)
266 5209 353 5281 Epist.
382 5206 416 5264 ad
441 5204 582 5262 Paulinum
597 5201 672 5259 oliui.
699 5216 759 5268 xtra,
775 5202 801 5256 in
817 5200 968 5259 Veronensi
1058 5207 1094 5281 (e)
1110 5207 1253 5264 buodccim
1268 5208 1356 5263 silicet
1368 5221 1481 5262 numero
1496 5217 1558 5262 sunt
1568 5204 1630 5261 libri
1642 5201 1818 5271 delrinitute,

170 5283 290 5341 eutrotia
301 5295 380 5345 aaut,
393 5295 419 5334 n.
434 5278 477 5335 lo.
1020 5278 1055 5335 ad
1068 5295 1136 5351 quos
1146 5279 1258 5350 respicit
1269 5278 1312 5334 bic
1322 5277 1511 5350 Hieronymus.

184 5426 191 5440 .
209 5353 248 5429 (ὁ)
263 5352 291 5408 ¹¹¹
312 5353 393 5423 ΨΜ·
407 5349 442 5406 “d
456 5349 598 5404 nusum
612 5342 679 5427 ⁰¹³¹'l
691 5357 728 5410 ’γ’
740 5342 777 5425 jn
787 5340 888 5426 vem:
908 5343 969 5427 ⁰3¹¹·
1058 5368 1092 5443 (ι)
1109 5371 1236 5427 Erasmus
1251 5370 1278 5426 in
1290 5371 1449 5440 pretatione
1464 5369 1607 5442 preposita
1620 5367 1734 5424 editioni
1751 5382 1818 5436 nqtc·

172 5436 246 5484 ttnrre
258 5439 340 5486 ciat,
365 5438 394 5478 n.
410 5423 436 5477 6.
455 5419 490 5477 Ut
502 5420 650 5483 aternam,
674 5424 769 5486 inquit,
792 5413 889 5485 palliat,
902 5424 970 5469 arto·
1020 5441 1121 5499 rums·
1137 5441 1241 5500 nimii·
1682 5469 1685 5478 ι

171 5501 609 5642 ’Ἥιειιῖμτιῗηᾶιθιξῗιιιιιιιιιιιι.
624 5567 652 5616 et
663 5555 763 5615 Occam
783 5554 847 5614 olim
864 5571 928 5626 ιιι,
941 5555 970 5615 in
1057 5535 1098 5611 (a)
1109 5537 1237 5593 Ludoric.
1255 5535 1418 5594 llnratorius
1430 5536 1456 5592 in
1470 5533 1586 5607 epistola
1603 5533 1636 5589 ad
1649 5550 1692 5589 me
1705 5535 1817 5603 scripta.

173 5640 275 5694 Venari.
291 5637 367 5693 editi.
380 5650 491 5698 traxit,
508 5648 535 5688 n.
552 5630 579 5687 ¹l.
1056 5627 1095 5700 (lt)
1109 5627 1170 5682 Lib.
1182 5642 1192 5682 ι
1206 5639 1300 5684 contra
1318 5626 1432 5698 Julian,
1448 5643 1507 5699 cap.
1525 5627 1553 5695 53
1564 5626 1612 5686 tiu.
1628 5642 1662 5698 tt,
1679 5643 1739 5700 cap.
1750 5627 1777 5694 7;
1792 5635 1820 5684 ct

210 5707 250 5784 (ιι)
265 5707 294 5765 Ιιι
317 5707 399 5780 epist.
414 5705 449 5763 ad
473 5702 669 5778 Haqnumolirn
684 5716 792 5772 ιιιιιι,
813 5702 840 5759 in
864 5701 965 5760 Veron.
1018 5696 1067 5755 ltu.
1080 5713 1108 5754 m
1123 5698 1284 5767 belrinio,
1299 5714 1359 5771 cap.
1373 5700 1417 5756 tu.

174 5781 240 5840 'edit
258 5789 323 5850 ιιι,
340 5778 409 5836 ndi
1062 5765 1095 5842 (a)
1107 5770 1198 5830 Tamo
1211 5787 1230 5829 ιι
1244 5770 1327 5845 uper.
1342 5772 1427 5831 Hilar.
1442 5785 1502 5846 paq.
1517 5770 1579 5830 ιιι.
