4209 6250
187 283 245 352 θ’)
802 283 847 344 bi}
861 281 1049 356 inmittit
1068 281 1169 346 ttuutt
1189 277 1238 340 itt.
1785 281 1842 341 (ω

190 401 233 458 lais
247 400 415 474 respondere
435 400 548 474 inpiam
562 401 770 473 tridentensem
786 402 901 469 adesse;
916 403 992 461 etde
1006 406 1031 470 Δ
1044 403 1145 478 (litui,
1163 418 1202 472 rr,
1217 399 1258 471 dt,
1272 398 1318 469 nai
1343 407 1371 457 et
1391 398 1451 456 ait:
1478 398 1564 456 Nemo
1582 400 1652 458 norit
1665 399 1691 454 F
1691 401 1776 467 ilium,
1791 404 1842 458 arisi

189 505 295 560 natura,
311 512 375 568 qum
398 495 506 552 ltuutani
524 511 622 553 tensos
636 495 842 566 conceptionem
862 496 988 563 excedat,
1044 495 1124 554 Putet
1146 510 1253 566 ‚mrum
1273 492 1379 550 Putrem
1403 494 1460 564 qnia
1484 495 1563 560 nouit,
1579 496 1629 550 niti
1649 494 1745 565 Filius,
1765 498 1843 552 rtem

189 588 281 646 serbis
294 604 409 659 noeman
422 590 513 646 adnue
524 588 687 656 significatio
701 589 842 660 angrutier
852 604 932 661 guam
951 591 991 646 in·
1040 589 1150 645 soluerit
1165 584 1188 640 F
1189 588 1250 642 ilius
1261 588 1373 643 revelare
1384 585 1546 658 (lintrium.
1557 587 1618 660 25).
1628 587 1683 645 Sed
1697 589 1841 648 adversum

191 679 341 750 teillgentia
364 681 615 749 alternationes
639 695 719 750 posse
740 679 992 753 eunbdereacpri·
1041 682 1192 739 imbecillas
1212 689 1317 740 meotes
1340 689 1499 745 nostramet
1517 696 1547 737 ae
1561 681 1594 740 ad
1609 682 1769 746 delinienda
1787 684 1842 739 eir·

189 772 542 844 panormitanensem
556 772 698 844 guttum,
711 788 747 828 an
764 773 859 842 plemn
871 772 929 844 ipse
943 773 992 840 sit,
1041 774 1310 845 cumscribcotlaeque
1330 782 1436 830 natura
1461 773 1559 830 dininn
1572 773 1760 846 demergentes
1776 791 1841 845 pro·

188 867 233 922 ttol
249 868 330 937 pleno
341 868 397 935 iam
416 865 565 935 pleniorem
577 880 638 922 esse
651 864 690 935 (l)
706 865 838 936 reliquum
852 868 898 920 sit.
914 864 991 932 Quod
1042 866 1165 932 tondum,
1182 865 1354 922 confessione
1374 865 1532 934 apostolieae
1551 865 1753 938 protestationis
1764 876 1842 926 uten-

190 959 212 1014 si
228 958 308 1022 bens,
321 957 365 1012 cni
378 971 432 1012 oon
447 956 558 1014 aliunde
577 964 621 1012 est
640 955 712 1027 qnod
724 955 796 1010 brus
816 971 924 1026 semper
938 964 991 1024 est,
1042 961 1106 1016 dum
1121 971 1163 1018 est
1179 975 1186 1016 :
1201 973 1237 1017 oe
1252 959 1393 1018 temeraria
1410 958 1450 1033 (i)
1470 958 1562 1031 opinio
1576 959 1616 1032 (d)
1628 958 1728 1031 aliquid
1742 959 1792 1018 sibi
1806 960 1841 1020 de

191 1051 341 1123 pmicetoot
363 1051 473 1117 babeat,
488 1051 589 1121 utplus
604 1051 638 1105 sit
658 1050 823 1118 nligtundo;
838 1068 891 1106 non
903 1059 994 1121 potest
1042 1053 1111 1120 ben,
1121 1061 1219 1123 prmtm
1231 1067 1311 1123 quam
1326 1051 1450 1118 docetor,
1466 1058 1589 1122 usurpet.

191 1152 281 1200 marma
292 1142 326 1202 ad
339 1144 366 1198 id
379 1143 532 1216 puretdre,
547 1157 581 1200 ne
595 1142 647 1200 sibi
663 1140 727 1198 nibil
742 1140 917 1216 mdesit:
930 1143 991 1215 quia
1079 1148 1124 1206 tu.
1139 1147 1240 1214 Quoein
1260 1146 1401 1204 tranianum
1421 1146 1516 1202 codrot
1536 1145 1703 1202 intellectum.
1716 1175 1752 1188 -
1762 1145 1843 1202 Cnm⁴

192 1238 236 1294 eui
260 1245 363 1300 ntrturse
379 1237 516 1307 proiectus
535 1244 577 1290 est
595 1234 728 1305 religuos,
743 1249 891 1308 numquam
913 1234 993 1292 iutel-
1043 1239 1132 1295 tnnnis
1145 1248 1235 1294 autem
1257 1237 1315 1293 nee
1329 1238 1491 1294 naturalium
1506 1254 1648 1294 cansarum
1666 1238 1843 1310 intelligentia

195 1330 288 1402 ligitur
300 1331 359 1387 sine
372 1330 466 1401 alique
489 1330 660 1388 incremento
685 1326 794 1384 residuo
823 1329 991 1400 proiecisse3
1043 1339 1097 1397 est,
1112 1329 1181 1386 nibil
1204 1329 1356 1385 insensum
1380 1328 1489 1396 cadere,
1512 1330 1562 1384 nisi
1577 1329 1649 1399 qnod
1665 1327 1757 1385 settsni
1780 1329 1844 1384 sub·

191 1424 256 1480 darn
271 1422 415 1482 morrona
444 1421 592 1493 prttlectunt
616 1429 758 1494 spectans,
772 1421 917 1490 proliciunt
930 1419 994 1475 iicet
1042 1423 1126 1496 jacet,
1139 1430 1169 1480 ut
1181 1434 1228 1479 aut
1241 1422 1277 1494 (e)
1292 1421 1424 1498 mres
1439 1423 1527 1493 aliqua
1539 1421 1676 1494 proposita
1687 1421 1784 1488 oculis,
1798 1431 1845 1478 aut

191 1530 311 1586 semper,
334 1529 442 1582 seraper
467 1521 557 1570 tameo
577 1521 666 1584 pateat
685 1511 720 1568 ad
731 1510 890 1582 proiectum.
915 1508 993 1581 Quod
1044 1517 1249 1590 opusquotlnue
1264 1517 1323 1586 ipso
1336 1531 1418 1573 seosu
1433 1526 1572 1576 nostrone
1584 1526 1675 1576 mente
1687 1517 1841 1585 posterius:

193 1614 283 1663 autem
299 1609 326 1662 in
341 1606 507 1678 memoretur
520 1604 639 1677 perlecta
655 1603 926 1676 attattet,setnpt¹t·qt'te
939 1610 992 1672 est,
1044 1625 1160 1682 quntum
1176 1626 1273 1680 mam,
1286 1608 1326 1684 (l)
1342 1609 1413 1680 tguod
1426 1611 1462 1684 (()
1485 1618 1532 1666 aut
1546 1617 1705 1668 attrectatur
1725 1617 1773 1666 aut
1787 1624 1846 1666 cer·

195 1700 312 1758 ”walbi
340 1699 450 1770 reliquii
472 1708 501 1754 ¹¹⁸
524 1697 629 1767 alentii
646 1696 702 1754 ⁵1¹¹
725 1695 786 1765 (1⁰1²
808 1695 993 1752 missionem
1044 1702 1129 1767 nitur,
1150 1703 1277 1762 coneedit
1304 1703 1375 1759 intra
1400 1701 1535 1774 opinionis
1560 1703 1844 1770 nostraseutetttiam,

195 1793 369 1869 plenitudinis
382 1791 420 1867 (α)
435 1791 564 1864 ριοιιίωἰε
590 1788 708 1860 gterieeta
727 1788 865 1860 plenitudo
878 1804 932 1845 non
946 1804 992 1845 ca·
1005 1788 1029 1854 B
1043 1795 1103 1866 ipso
1112 1804 1186 1852 tactu
1196 1796 1307 1867 uisuque
1318 1795 1528 1864 attuderandun13
1545 1794 1617 1852 aliud
1631 1809 1705 1863 vero,
1719 1794 1759 1868 (5)
1774 1795 1846 1866 quotl

195 1888 260 1960 piat
277 1886 384 1944 Eritne
404 1884 512 1954 qttidem
528 1879 684 1942 delieoita
708 1879 834 1952 opinandi
848 1881 899 1952 pire
917 1882 996 1937 intel·
1048 1887 1077 1942 ιιι
1101 1887 1141 1962 (ρ)
1167 1887 1194 1943 io
1222 1898 1365 1960 tempore,
1392 1898 1421 1945 et
1442 1888 1558 1960 ntrodam
1584 1887 1693 1960 iuniore
1723 1903 1739 1946 a
1764 1889 1846 1947 nobis

195 1980 312 2051 ligantias
319 1979 484 2049 specimen,
496 1976 552 2032 Deo
562 1974 626 2030 oiltil
635 1973 741 2039 deesse,
752 1974 914 2046 plenumque
924 1988 995 2030 esse.
1048 1987 1096 2035 aut
1118 1980 1238 2053 gignitur
1259 1992 1307 2038 aut
1324 1981 1500 2039 constituitur
1512 1981 1645 2046 exordio.
1658 1981 1720 2054 guia
1732 1996 1846 2038 sensum

231 2073 280 2130 ii.
292 2070 326 2126 ir
339 2070 483 2144 cogitandis
499 2066 546 2123 liei
559 2068 632 2123 rebor
653 2067 771 2137 Apostoli
794 2066 949 2137 exemplam.
963 2095 998 2106 ·-
1049 2072 1235 2144 intelligentiae
1262 2089 1316 2131 non
1343 2074 1483 2144 provenit,
1502 2071 1607 2144 judicio
1620 2087 1728 2146 guoque
1751 2088 1848 2132 sensus

197 2163 333 2221 Ceterum
357 2177 410 2220 nau
428 2165 532 2230 igrtotat
553 2157 709 2230 Apostolus,
729 2156 880 2229 'cuijusmudi
895 2156 998 2214 dolien
1049 2164 1223 2238 dijudicantis
1234 2166 1384 2238 ¹almutium
1400 2175 1453 2222 est.
1481 2163 1539 2220 Nun
1554 2164 1626 2220 euim
1647 2173 1695 2220 aut
1720 2141 1848 2237 aspectus

197 2257 379 2316 matanatis
400 2272 466 2314 mee
481 2254 632 2311 testandum
658 2255 704 2321 sit,
719 2253 834 2311 dicens:
853 2252 876 2308 0
891 2258 1000 2328 profun—
1049 2259 1297 2316 nosnrinrisibitit
1310 2260 1450 2332 dijudicat,
1467 2258 1513 2329 nui
1528 2274 1581 2318 aun
1596 2259 1648 2316 uisi
1664 2268 1766 2318 tantum
1782 2274 1850 2316 con.

198 2355 262 2408 dum
281 2352 430 2408 datitiorum
453 2360 476 2406 ιι
499 2350 633 2421 mpientioe
654 2356 679 2402 tl
699 2347 812 2403 scientie
825 2344 901 2403 Dei!
923 2365 999 2415 auom
1049 2364 1141 2427 specta
1157 2352 1295 2410 discornat
1309 2370 1316 2408 :
1332 2360 1379 2408 aut
1401 2366 1478 2408 meos
1493 2360 1585 2407 nostra
1600 2352 1668 2408 sein
1693 2351 1731 2413 ld.
1746 2352 1851 2424 (trinua

200 2445 469 2517 incompreietuiiiliu
499 2453 558 2499 runt
574 2442 676 2516 judicio
695 2443 762 2513 ejus.
775 2451 800 2496 et
814 2442 1000 2514 tnteotgattter
1052 2461 1106 2503 non
1132 2446 1231 2512 extitit,
1250 2455 1356 2516 tempus
1375 2444 1537 2514 exstendet,
1561 2451 1589 2498 et
1613 2443 1766 2514 antiquiora
1788 2451 1851 2501 ortu

201 2537 334 2610 uincitis!
349 2536 415 2600 urst
425 2539 492 2592 enim
506 2535 623 2608 cupttnuit
634 2549 735 2588 renuam
748 2532 875 2589 Dratitti?
886 2543 929 2587 nat
943 2535 1001 2606 quis
1051 2554 1103 2596 sne
1113 2538 1315 2612 pervestigabit,
1330 2552 1391 2593 cum
1403 2552 1457 2594 trun
1468 2535 1519 2589 nisi
1531 2550 1624 2591 earum
1636 2551 1728 2594 rerum
1741 2535 1772 2607 (i)
1790 2545 1851 2592 tan·

201 2629 366 2686 cntrmiioritts
376 2630 433 2702 citra
444 2627 492 2698 [uit
508 2625 576 2682 iuut
590 2625 646 2695 gaia
659 2624 730 2696 prior
742 2623 779 2698 (b)
792 2625 870 2690 ertit,
887 2635 911 2680 et
924 2626 1000 2680 retri-
1052 2641 1109 2688 tum
1123 2630 1214 2702 opinio
1227 2627 1267 2701 (b)
1282 2629 1319 2694 ei,
1332 2643 1445 2698 quartana
1459 2626 1519 2698 ipse
1546 2627 1581 2682 sit
1596 2627 1698 2694 senior,
1714 2628 1852 2700 relinqua-

201 2723 293 2778 tutto
306 2721 369 2778 illi?
382 2721 510 2790 Quoniam
531 2738 564 2777 re
577 2723 646 2792 ipro,
658 2731 682 2777 et
695 2739 741 2795 per
753 2723 851 2794 ipsunt,
866 2731 890 2777 rt
906 2724 931 2776 ia
944 2723 1001 2792 ipro
1053 2732 1099 2779 tur
1114 2740 1120 2774 :
1133 2737 1194 2794 qum
1207 2722 1369 2794 plerumque
1380 2721 1437 2790 ipsa
1454 2734 1503 2789 per
1515 2719 1705 2776 necessitatem
1721 2719 1852 2775 naturalis

200 2825 260 2872 mut
279 2814 387 2872 omnir:
414 2813 465 2884 ipsi
486 2813 570 2887 glorio
594 2815 621 2870 in
655 2814 750 2870 secula
771 2815 935 2870 mentorum.
962 2812 1001 2883 iii
1052 2833 1109 2876 sua
1121 2815 1284 2873 iallrmitatis
1301 2815 1413 2878 ineerta,
1427 2811 1576 2868 absolutam
1592 2810 1730 2868 seientiam
1747 2812 1773 2868 in
1788 2826 1854 2868 eau-

199 2904 309 2978 (Rott.
321 2922 358 2970 tt.
373 2906 418 2972 55,
434 2905 500 2978 ete.)
514 2904 572 2962 Noli
583 2906 813 2963 eircttmseribitur
827 2906 898 2964 Deus
911 2912 1002 2962 tuente
1056 2927 1148 2968 sarum
1175 2908 1329 2981 cognitione
1348 2922 1403 2964 noo
1417 2914 1523 2972 tenuat,
1541 2902 1577 2978 (ji
1591 2903 1690 2959 nedum
1714 2904 1795 2960 medo
1808 2920 1854 2960 ea-

202 3014 308 3060 terrena
324 2998 428 3074 (ι’.ιιί.
444 3016 481 3068 tv,
502 3018 529 3058 tt.
548 2999 604 3070 tt),
621 3017 707 3070 ttetgue
727 2999 778 3056 boc
793 3001 932 3071 sapienti-n
945 3013 1002 3054 strae
1055 3020 1126 3069 rum,
1140 3018 1201 3074 qum
1224 3010 1286 3055 artte
1309 3014 1339 3054 se
1354 2998 1408 3053 sint
1429 3006 1529 3053 aeterna
1555 2994 1670 3064 ratitme,
1687 3009 1768 3051 sensu
1784 2994 1853 3052 ultra

202 3093 366 3167 protundum
379 3107 461 3150 sensu
473 3090 658 3165 intelligentie
670 3092 838 3164 penetrantis
849 3090 1001 3163 attingitur,
1055 3094 1222 3152 nativitatem
1235 3105 1311 3147 snam
1335 3088 1464 3145 redeunte
1478 3086 1619 3161 percipiat.

200 3187 366 3260 meoiudicio
388 3188 611 3245 constitutionum
636 3202 745 3243 suarum
773 3171 1037 3256 persertttanttomC
1090 3187 1134 3243 i‘i.
1148 3183 1219 3239 brus
1229 3179 1449 3252 imperscrutabile
1462 3182 1629 3252 profundam.
1642 3175 1741 3234 Notius
1751 3186 1854 3253 eget.-

203 3283 311 3354 ingeuin
335 3281 586 3353 apprettonuamtr,
601 3296 651 3336 uec
675 3280 725 3335 tim
753 3279 916 3351 cognitionis
941 3280 1001 3349 ejus
1053 3279 1086 3336 Et
1109 3276 1212 3332 ideireo
1239 3273 1397 3346 Apostolus,
1411 3273 1474 3343 grtia
1496 3287 1642 3344 numquam
1655 3270 1706 3326 nisi
1719 3286 1752 3327 ea
1768 3272 1794 3326 io
1808 3286 1855 3327 eo-

202 3377 408 3448 totosttgatttes
442 3390 474 3432 se
510 3376 723 3433 consectantium
751 3374 848 3430 studiis
883 3372 1001 3430 durelin·
1051 3369 1200 3445 gnitionem
1224 3368 1448 3439 caderentque
1476 3366 1568 3421 sensui
1583 3364 1732 3439 posteriora
1757 3380 1853 3421 suece-

203 3480 299 3540 nutmt.
325 3467 360 3540 ic)
383 3469 411 3526 lo
435 3470 662 3540 eorrtprelteosnm
685 3466 848 3539 protundum
875 3468 1002 3522 demersa
1052 3465 1168 3529 dorent,
1190 3467 1403 3519 commemorato
1425 3455 1565 3529 sapientiae
1585 3454 1632 3513 liei
1657 3455 1801 3529 protunda,
1826 3463 1855 3514 et

200 3561 259 3632 ciat
272 3562 363 3617 omnia
385 3570 459 3631 aunt,
474 3561 595 3633 nibiltpte
614 3563 648 3617 de
672 3561 753 3618 rebus
766 3560 825 3633 ejtts
839 3562 999 3632 reperietur,
1055 3557 1305 3617 inexscrutabilium
1324 3552 1486 3625 jtrdirinrum
1502 3550 1644 3617 latinitate,
1657 3559 1684 3606 et
1708 3550 1855 3622 investiga-

201 3654 267 3710 ailtil
278 3655 489 3711 consectabitur.
505 3653 621 3711 Sensum
645 3654 720 3709 enim
735 3653 795 3724 ejus
811 3665 1001 3721 ttetnoeagne-
1051 3650 1146 3708 billum
1169 3648 1272 3703 viarum
1299 3636 1417 3710 secreto,
1440 3654 1465 3698 et
1488 3641 1616 3714 incogniti
1637 3655 1734 3696 sensus
1748 3642 1855 3713 ignora-

202 3746 260 3803 tit:
276 3756 303 3802 et
318 3746 433 3802 consilio
455 3761 508 3802 nen
524 3748 598 3818 eguit
611 3757 733 3801 esterno.
750 3744 788 3800 lie
811 3743 889 3800 nobis
910 3751 1000 3799 antem
1054 3742 1138 3807 tiarae,
1151 3750 1178 3797 et
1193 3737 1299 3794 consilii
1327 3752 1380 3790 non
1401 3732 1590 3790 communicati
1607 3730 1644 3803 (lt)
1670 3730 1854 3803 inintelligen-

190 3853 273 3899 ‚trurrc
295 3840 384 3895 munis
405 3838 553 3897 bicsermo
579 3849 641 3906 est,
663 3853 716 3895 non
739 3837 820 3893 etiam
836 3836 871 3893 de
884 3851 929 3903 eo,
952 3849 1001 3904 per
1052 3835 1099 3897 tia,
1114 3831 1253 3902 sttltiecit:
1283 3828 1346 3895 Qtrit
1360 3827 1427 3880 enim
1451 3824 1523 3897 prior
1548 3822 1628 3890 dedit,
1653 3832 1677 3876 rt
1699 3822 1854 3879 retribuetur

199 3947 281 4004 quem
309 3931 400 3987 narnia
421 3942 503 4001 stau,
519 3931 567 4004 qui
579 3940 622 3988 est
643 3930 733 4003 ntngoi
753 3927 859 3987 consilii
879 3926 1001 4000 Angelus
1051 3927 1116 3984 iiii?
1134 3926 1264 3995 Quotam
1288 3937 1321 3979 ee
1344 3921 1402 3992 ipsu
1425 3928 1449 3976 et
1475 3934 1520 3989 pet
1534 3917 1619 3991 iprum
1635 3926 1659 3973 et
1682 3917 1709 3975 itt
1724 3917 1780 3990 ipro
1793 3927 1853 3975 anot

237 4092 276 4165 (Ι)
287 4090 322 4148 tt
334 4093 462 4164 religatam
472 4091 515 4147 sit.

236 4165 279 4237 (2)
292 4164 382 4221 Codex
405 4163 507 4219 Veron.
522 4163 567 4219 irie
589 4160 682 4232 adiicit
712 4176 788 4216 rouo
800 4175 810 4215 .·
823 4155 895 4231 guod
909 4164 1001 4214 exstat

201 4244 230 4293 et
240 4236 266 4290 in
280 4251 368 4305 graeco
380 4244 465 4290 texto.

236 4308 279 4379 (di
297 4307 436 4379 Opinione.

235 4448 276 4523 (a)
291 4446 368 4517 dpud
383 4445 462 4512 bad..
476 4443 522 4500 Er.
539 4452 567 4500 et
586 4444 661 4516 Lips.
684 4442 783 4501 desunt
796 4455 888 4507 uoces,
900 4437 1039 4511 puniet)
1087 4430 1098 4505 i

199 4520 372 4647 ritperc'eetu.
832 4582 838 4595 .
904 4581 920 4593 ..
973 4579 979 4591 ⁸

235 4594 276 4665 (ι)
347 4604 412 4645 mss.
428 4586 510 4643 cort.
538 4602 591 4643 noo
613 4585 688 4643 Cotb.
711 4600 743 4639 ae
763 4598 854 4654 pauens
875 4582 937 4637 ains
953 4580 997 4635 inc

201 4665 208 4678 ’
231 4671 273 4720 xta
289 4676 407 4734 gracum
422 4671 448 4715 et
460 4658 509 4713 Vni
529 4668 611 4723 atam,
626 4656 696 4712 dedit
714 4656 747 4711 ei.
765 4660 800 4709 tlt
813 4653 890 4711 inira.
906 4669 934 4707 n.
949 4650 995 4715 ii,

200 4752 228 4792 tn
242 4735 322 4789 trullis
333 4732 448 4788 liabetur
461 4730 493 4785 ei.
508 4673 591 4785 barrio
605 4736 670 4784 ante
684 4734 712 4780 nt
722 4727 789 4781 intra
805 4724 933 4780 erasmo<
948 4736 998 4792 pro

200 4823 277 4865 rasere
289 4804 429 4859 substituit
443 4800 669 4867 ininvestigabiles,
683 4813 731 4868 pro
746 4794 941 4866 ioeetttgoiiles.

237 4876 274 4949 (c)
290 4874 450 4948 Praepositio
463 4873 528 4939 in‚a
552 4870 643 4939 Lipsio
656 4873 772 4940 primunt
787 4875 929 4938 expuncta,
945 4865 997 4919 ltne

198 4955 342 5007 revocatur
353 4963 384 5001 et
397 4944 473 5007 uad..
486 4942 532 4999 ur.
549 4948 577 4998 et
587 4957 652 4997 iuss.

238 5020 277 5093 (tt
293 5020 321 5074 ln
337 5033 403 5073 mss.
418 5016 549 5085 opinione.
574 5013 671 5069 Postea
685 5010 770 5066 codex
786 5009 847 5067 Vat.
864 5009 921 5064 iras.
936 5008 996 5064 alii·

200 5107 254 5163 qne
267 5092 332 5157 daun
347 5100 441 5156 practer
466 5102 544 5156 guum
555 5093 665 5155 eportet.
679 5100 731 5137 uon
747 5091 927 5151 praetermeat
949 5080 995 5133 do·

198 5156 454 5219 coartandum.
470 5174 530 5213 cutn
546 5155 684 5211 nonnullis
693 5153 765 5214 aliis,
777 5161 912 5221 usurpent.
925 5150 996 5208 Satis

200 5235 346 5305 placeret,
373 5230 528 5302 apiriam...
553 5237 646 5301 preter
672 5238 750 5295 guum
774 5223 995 5286 decertantem·-

233 5315 271 5358 at.

200 5321 326 5449 peirilta
342 5389 408 5439 mss.
434 5368 485 5427 nisi
508 5368 580 5439 gued
600 5368 626 5423 in
650 5365 744 5423 codice
768 5363 830 5420 ilat.
854 5361 913 5420 bas.
938 5372 999 5434 post

192 5447 341 5523 ⁴preposita.
355 5452 444 5501 exstat
457 5444 538 5497 etlam
552 5440 679 5512 oppositu.
692 5436 725 5492 Et
736 5436 763 5493 in
776 5435 903 5506 vulgatis,
913 5445 941 5489 ιιι
953 5444 999 5489 uut

199 5533 267 5574 roan
304 5519 369 5571 usito
387 5515 477 5570 oralia

240 5536 400 5660 (Wtimncs
426 5600 510 5657 prope
536 5582 629 5653 scripti
652 5579 759 5637 codices
790 5593 850 5634 cum
880 5576 997 5644 exermis,

199 5676 281 5717 naum
295 5660 368 5730 naid.
384 5652 540 5729 Legeudum
553 5656 663 5711 otttnino
678 5651 819 5723 ottericum
831 5647 997 5706 letter-tatto.

199 5726 306 5788 Deinde
331 5728 396 5786 uultu
419 5727 577 5799 particulam
607 5726 669 5780 daut
695 5722 887 5797 prepooettem
915 5720 997 5776 verba

194 5796 316 5858 'concedit
331 5818 340 5856 .·
355 5796 553 5870 reiragantibtts
566 5812 630 5852 mss.

1098 4157 1127 4224 5)
1143 4155 1219 4223 Quod
1231 4155 1276 4210 tit.

1099 4230 1127 4301 6)
1138 4226 1230 4284 Codex
1248 4224 1346 4283 ieron.
1363 4220 1507 4280 omittitei.

1086 4083 1125 4302 {n
1145 4083 1224 4153 ortu.

1140 4430 1203 4487 lise.
1233 4429 1335 4484 nodtit.

1088 4450 1116 4575 (b
1140 4447 1287 4558 Editiqeum
1303 4496 1426 4570 pluribus
1436 4508 1502 4550 ntes.
1516 4493 1585 4564 quot
1597 4510 1649 4549 nott
1658 4497 1775 4552 exstitit:
1789 4512 1850 4556 cm-

1051 4575 1175 4647 rigantur
1189 4590 1220 4627 ex
1236 4572 1339 4642 optimo
1350 4568 1426 4623 Colb.
1442 4579 1547 4620 necnon
1558 4564 1650 4620 Germ,

1088 4645 1119 4720 (i)
1135 4645 1221 4701 Verba
1236 4652 1334 4698 tuntum
1347 4651 1375 4696 et
1386 4640 1408 4694 ei
1417 4680 1424 4701 ‚
1442 4636 1468 4691 in
1485 4635 1600 4703 vulgatis
1614 4635 1725 4695 omissa.
1740 4639 1849 4711 supple.

1051 4734 1113 4774 mos
1127 4734 1158 4773 ex
1173 4730 1239 4770 mss.
1254 4727 1370 4783 qnortnn
1385 4708 1483 4766 deinde
1493 4709 1664 4773 auctoritate,
1677 4722 1846 4778 proauorum

1050 4792 1118 4858 ipsu.
1134 4789 1289 4857 reponimus
1312 4798 1423 4856 quorum
1438 4781 1504 4846 ipre,
1519 4778 1598 4834 tidoi.
1614 4790 1690 4834 ortus
1710 4784 1847 4839 :maxime

1051 4878 1112 4916 enm
1123 4860 1247 4929 superins
1259 4859 1361 4925 legator
1371 4854 1474 4926 jtrttinre
1486 4850 1602 4905 mortio.

1085 4933 1122 5007 (ji
1137 4929 1218 4995 laditi,
1235 4946 1265 4984 ne
1277 4928 1339 4981 datm
1356 4940 1445 4979 aarum
1467 4936 1524 4988 (ιω
1534 4933 1630 4976 notare
1644 4923 1706 4988 siat,
1722 4932 1845 4979 manum

1049 5010 1185 5065 tutionem,
1201 5015 1254 5057 etc.
1267 4999 1330 5054 ttss.
1345 4999 1451 5053 norun.
1466 4991 1566 5048 etim.
1581 4994 1639 5047 bas.
1654 4995 1749 5048 nerium
1768 4996 1845 5051 morto

1048 5091 1137 5130 aarum
1151 5090 1209 5144 mart
1221 5083 1296 5128 cnuto
1316 5086 1368 5123 anat
1381 5071 1431 5121 situ
1457 5073 1552 5119 tutator
1572 5066 1671 5120 ratione
1685 5082 1694 5119 .·
1709 5066 1797 5120 otinas
1810 5065 1844 5121 ad

1050 5162 1117 5202 reare
1134 5143 1298 5208 intrarant,
1312 5140 1404 5195 tredunt
1424 5134 1498 5190 raudo
1514 5150 1601 5187 eurum
1618 5136 1733 5206 tsupple.
1746 5152 1843 5191 carina-

1050 5233 1109 5273 ruat
1124 5212 1276 5282 tcictniatn)
1302 5218 1467 5281 qttoeunterc
1494 5205 1545 5259 tint
1560 5213 1656 5260 nterim
1684 5207 1800 5263 ratione:
1817 5207 1844 5265 td

1050 5296 1102 5353 eet,
1118 5287 1141 5342 si
1169 5302 1222 5341 oon
1246 5279 1455 5350 entnprebeudit
1476 5290 1554 5329 utens
1567 5292 1628 5339 nuuc
1652 5287 1716 5332 ante
1737 5294 1766 5332 se
1780 5288 1845 5333 sutri

1050 5360 1139 5430 aborta
1152 5358 1267 5421 ratione,
1279 5351 1362 5407 ittrrnn
1372 5366 1444 5420 suapte
1455 5350 1555 5403 incerta
1572 5346 1686 5403 fluctuat
1698 5347 1724 5403 in
1739 5348 1771 5403 iis
1784 5364 1845 5419 qam

1051 5444 1082 5486 se
1098 5429 1247 5500 posteriora
1258 5436 1318 5479 sunt
1330 5439 1337 5486 ;
1354 5422 1433 5492 longe
1445 5417 1531 5473 tainus
1545 5422 1660 5488 attinget
1670 5433 1731 5489 qttm
1743 5430 1844 5475 aeterno

1051 5503 1155 5557 tatium
1167 5514 1197 5557 te
1211 5493 1372 5567 ptaecctiattt.

1087 5571 1124 5644 (t)
1143 5571 1216 5635 Lips.
1232 5570 1240 5621 i
1259 5566 1387 5620 narratio.
1403 5559 1541 5616 Editiones
1567 5559 1628 5613 alim
1642 5576 1703 5615 cnm
1720 5561 1842 5630 scriptis,

1049 5642 1228 5711 intellipentiu.
1242 5586 1411 5704 {operuimus
1434 5631 1641 5702 inintelligentia,
1658 5632 1793 5703 quomodo
1809 5634 1847 5687 te.

1049 5713 1166 5787 gendum
1192 5708 1379 5779 suspicabatur
1398 5702 1540 5765 erasmus,
1567 5714 1600 5758 ac
1624 5718 1677 5759 non
1705 5703 1764 5763 sinn
1779 5717 1846 5760 nass,

1050 5783 1213 5843 auctoritate
1226 5780 1341 5853 lrgtraus
1356 5775 1401 5834 tlt.
1418 5790 1446 5847 a,
1462 5791 1490 5830 n.
1504 5772 1549 5830 dd.
