4209 6250
177 286 235 346 eto
767 291 810 349 ιιι
829 268 1015 352 annulatos
1035 294 1137 354 ιιοιι
1161 296 1225 355 nni.

1773 307 1828 370 25⁰

177 402 244 462 ttae
257 417 324 476 ergo
338 402 400 459 rita
412 410 514 463 nostru
526 418 607 462 musa
619 413 678 473 est,
692 404 763 478 quod
778 407 804 464 in
827 408 905 464 nobis
918 423 978 467 ear·
990 413 1018 475 Α
1030 409 1057 476 7,
1073 409 1102 479 9,
1117 412 1161 479 ld,
1177 412 1234 485 li).
1249 411 1306 471 lloe
1318 415 1356 486 (ο)
1371 428 1424 473 non
1439 425 1551 488 prestat
1561 427 1696 489 ereatura,
1714 420 1762 477 sed
1780 436 1829 479 na-

177 496 288 556 ualibus
306 504 461 553 manentem
474 510 525 569 per
542 512 653 555 earnem
664 496 802 556 Christum
826 499 975 559 tammus:
1030 502 1139 570 tiritas;
1161 519 1216 561 nott
1231 505 1313 565 ellleit
1326 507 1470 579 noluntas,
1485 509 1534 568 sed
1550 520 1688 582 poteslas;
1714 526 1768 568 non
1788 513 1829 570 lo-

177 589 291 646 rieturis
304 588 385 645 nobis
402 603 451 660 pet·
470 605 533 645 eunt
547 605 578 646 oa
589 590 763 660 conditione,
785 607 837 665 qua
853 594 915 650 sitit
930 594 976 652 illa
1027 596 1121 666 quitur
1135 598 1321 665 unanimitas,
1336 600 1375 674 (a)
1389 601 1438 658 sed
1455 613 1568 659 nutura:
1591 604 1654 675 quia
1674 617 1729 662 nou
1743 620 1827 663 uuum

176 696 227 755 per
241 682 360 738 Patrem.
376 680 406 737 st
426 696 493 753 ergo
506 697 557 738 ttos
576 685 735 741 ttaturaliter
748 685 896 742 seeurtdum
915 702 976 745 ear·
1027 697 1071 743 est
1084 689 1188 755 creari,
1204 698 1231 746 et
1250 692 1342 760 ttasoi;
1358 708 1446 764 neque
1459 695 1529 751 uelle
1540 695 1566 751 id
1581 696 1668 767 ipsum
1682 705 1739 765 est,
1754 696 1827 769 quod

176 789 240 833 netu
254 788 303 846 per
316 789 379 830 eum
397 775 534 842 risimus,
558 774 584 830 id
600 785 658 842 est,
673 787 795 834 naturam
813 779 904 835 earnis
919 795 976 838 sun
1027 789 1056 837 et
1069 795 1167 852 posse;
1184 798 1272 856 neque
1283 786 1452 843 eottrordare
1465 786 1536 844 idem
1549 797 1602 851 est,
1616 789 1688 861 qood
1704 803 1824 847 manere

176 868 270 939 adepti
286 867 444 938 :quomodo
464 883 519 924 nott
544 870 703 927 naturaliter
724 871 873 928 secundum
895 872 977 944 Spiri·
1065 874 1110 932 lu.
1135 873 1299 932 Unanimiter
1312 894 1363 933 non
1376 890 1500 952 trepatur,
1516 884 1579 936 darn
1591 883 1715 938 ornatur
1728 884 1825 938 amur.

176 969 234 1018 tuat
246 961 274 1017 in
288 960 436 1016 sePatrem
448 959 631 1030 lenunculo
641 964 713 1019 uirat
723 964 782 1035 ipse
791 982 839 1037 per
847 966 976 1023 Putrem?
1026 963 1068 1020 De
1090 965 1176 1022 Putris
1194 977 1218 1021 et
1243 967 1306 1024 l'lln·
1323 970 1420 1027 unitae
1439 983 1558 1042 apertum
1581 975 1763 1030 testimonium.
1788 1004 1826 1019 -

175 1053 229 1111 Per
244 1053 349 1110 Patrem
364 1060 455 1110 autem
469 1055 545 1123 sirit,
561 1054 625 1112 dum
647 1056 771 1114 nativitas
785 1075 839 1115 non
859 1059 975 1118 alienam
1026 1057 1086 1114 Non
1102 1074 1233 1130 negamus
1255 1061 1337 1133 igitur
1352 1063 1557 1120 unanimitatem
1579 1066 1649 1123 inter
1671 1067 1777 1137 Patrem
1798 1075 1826 1123 ot

174 1150 203 1206 ei
217 1149 308 1206 intulit
317 1148 507 1221 diversamque
522 1158 657 1219 naturam,
673 1151 737 1207 dum
749 1153 823 1223 quod
837 1162 890 1221 est,
904 1155 975 1213 etati
1026 1148 1142 1206 Filium:
1163 1167 1226 1207 nam
1249 1152 1300 1209 hoe
1321 1154 1411 1211 solent
1426 1156 1547 1214 iteretiei
1562 1159 1691 1227 metitiri,
1711 1167 1742 1214 ut
1762 1175 1824 1216 eum

174 1256 211 1299 eo
223 1253 276 1308 est,
292 1257 344 1299 nee
358 1252 445 1299 tamen
460 1244 495 1298 ab
507 1258 541 1300 eo
553 1259 601 1314 per
614 1243 732 1317 aliquam
747 1244 914 1304 incidentem
926 1264 975 1306 na·
1025 1243 1112 1300 solam
1134 1245 1306 1301 concordiam
1328 1247 1369 1320 (d)
1389 1248 1422 1304 ad
1439 1250 1568 1306 unitatem
1584 1266 1637 1306 non
1659 1252 1823 1323 recipimus,

175 1345 245 1393 tura·
260 1336 504 1393 dissimilitudinem
520 1347 670 1409 separatum
686 1339 750 1395 dum
763 1340 789 1396 in
804 1354 834 1397 se
848 1342 975 1413 pernati-
1025 1336 1165 1395 discordes
1185 1354 1233 1395 eos
1251 1356 1266 1394 a
1282 1341 1360 1397 uoltis
1372 1342 1503 1400 aldrmari
1526 1345 1679 1417 loquantur.
1707 1346 1760 1405 Sed
1774 1361 1824 1404 att·

170 1430 285 1488 ritatem
296 1431 377 1487 habet
390 1431 497 1487 Putrem
507 1429 536 1486 in
552 1430 651 1489 virtute
664 1441 777 1488 naturae.
1025 1429 1100 1487 diaul
1113 1447 1221 1502 guarna
1236 1433 1313 1488 nuliis
1327 1435 1492 1491 unanimitas
1511 1453 1565 1493 non
1585 1447 1707 1509 negetur.
1734 1437 1824 1496 Uuutu

208 1524 255 1579 l'l.
269 1520 405 1594 Epilopan
422 1522 487 1581 llee
498 1532 590 1579 autent
605 1523 707 1581 ideireo
727 1539 742 1580 a
757 1524 836 1582 uoltis
851 1541 972 1584 nomme-

171 1626 279 1674 morata
301 1626 386 1682 sunl,
408 1617 470 1688 quia
484 1616 633 1673 rolutttutis
654 1627 757 1673 tautum
781 1618 852 1675 inter
865 1619 971 1677 Patrem

172 1720 203 1769 et
212 1711 308 1768 Filium
320 1712 449 1767 unitatem
465 1711 586 1768 haretici
603 1713 775 1781 mentientes,
788 1714 901 1772 unitatis
919 1732 971 1789 no·

1024 1535 1088 1582 sunt
1101 1526 1180 1583 Pater
1192 1537 1221 1584 et
1236 1527 1320 1584 Filius
1341 1534 1457 1597 natura,
1481 1529 1585 1587 lionore
1596 1572 1604 1596 ,
1617 1531 1718 1588 virtute
1741 1548 1748 1585 ε
1773 1546 1823 1590 nea

1024 1628 1121 1675 natura
1133 1619 1228 1676 eadent
1245 1630 1336 1692 potest
1349 1621 1420 1677 nelle
1430 1623 1548 1678 diuersa.
1567 1622 1602 1678 Et
1613 1624 1725 1680 audiant
1735 1623 1824 1683 adltue

1024 1720 1128 1769 naturae
1146 1714 1197 1768 silti
1213 1729 1273 1770 eum
1294 1714 1376 1771 Patre
1398 1714 1528 1772 unitatem
1543 1716 1641 1772 Filium
1656 1725 1821 1784 testantem:
1899 1751 1907 1765 ι

170 1814 237 1864 strae
248 1806 283 1861 ad
296 1806 380 1863 ileum
394 1807 540 1863 utebantur
560 1807 705 1878 exemplo,
732 1818 868 1880 mmtpuam
893 1810 973 1868 nobis
987 1813 1010 1875 Β
1023 1807 1062 1863 nit
1072 1808 1143 1864 enittt
1154 1827 1161 1865 :
1172 1807 1236 1865 Carti
1247 1812 1341 1866 munit
1354 1808 1493 1866 adamarus
1502 1813 1556 1880 ille,
1573 1829 1648 1884 quem
1662 1829 1708 1885 ege
1720 1821 1822 1870 ιιιιιιιι

167 1900 205 1956 sd
218 1900 317 1957 Filium
331 1942 339 1965 ,
355 1908 384 1957 et
398 1915 447 1972 per
457 1900 555 1957 Filium
569 1902 602 1957 ad
623 1901 731 1958 Patrem
744 1944 752 1970 ‚
767 1904 897 1976 obsequio
912 1912 973 1962 tan·
1025 1899 1123 1956 rodite
1139 1899 1227 1967 Patre,
1244 1900 1371 1975 Spiritum
1382 1904 1504 1970 oculatis,
1519 1906 1563 1974 qai
1573 1922 1590 1959 a
1601 1903 1682 1961 Patre
1694 1922 1750 1961 tneo
1759 1922 1822 1979 pro·

169 2001 227 2053 litut
242 2007 275 2050 ae
287 1994 425 2049 voluntate
440 1993 580 2065 religionis
593 1996 695 2061 uirilis,
720 1996 793 2052 nulla
814 2012 862 2069 per
882 2014 973 2054 saera·
1022 1993 1100 2059 redit,
1114 1994 1168 2066 illie
1183 1994 1360 2064 unificabit?
1374 1994 1406 2049 de
1417 2012 1457 2051 me
1467 1995 1476 2066 i
1487 1994 1568 2051 Jodll·
1583 2013 1629 2062 xv.
1642 1996 1709 2071 26)·
1732 1998 1823 2055 Λάιο-

167 2096 293 2144 meatum
314 2087 406 2143 earnis
425 2096 452 2142 et
470 2087 611 2159 sanguinis
626 2088 758 2144 naturalis
771 2089 972 2148 communionis
1022 2095 1100 2143 entus
1113 2087 1220 2154 venriet,
1236 2099 1262 2144 et
1279 2089 1350 2145 tinne
1362 2088 1571 2145 mittetl'ilittsa
1587 2089 1677 2160 Patre,
1698 2100 1726 2148 et
1738 2091 1823 2163 Spiri-

167 2181 323 2253 proprietas
338 2180 537 2253 indulgeretur:
562 2195 624 2237 enm
643 2192 671 2238 et
683 2197 732 2253 per
748 2182 879 2239 lionorem
894 2184 972 2242 noble
1023 2187 1066 2236 tus
1080 2181 1202 2237 raritatis
1212 2191 1263 2246 est,
1280 2182 1325 2254 qui
1340 2196 1357 2237 a
1370 2182 1450 2240 Patre
1465 2183 1596 2253 procedit.
1614 2184 1738 2240 Excutiat
1750 2183 1824 2255 inge·

168 2273 264 2329 daturn
275 2271 348 2337 Filii,
361 2282 389 2329 et
404 2283 617 2345 permanentem
632 2274 660 2331 itt
675 2275 753 2330 uoltis
771 2276 810 2348 (ι)
825 2277 972 2336 earttaliter
1023 2272 1061 2329 ttii
1073 2278 1114 2329 sui
1125 2274 1234 2331 actilens
1244 2276 1334 2331 omnis
1346 2276 1537 2332 litaretieorttm
1552 2278 1665 2333 soltola:
1681 2285 1708 2333 et
1719 2285 1823 2348 querat

168 2367 282 2437 Filium,
298 2377 326 2425 et
340 2367 367 2423 in
381 2384 415 2426 eo
428 2370 507 2427 nohis
522 2369 700 2441 corporaliter
714 2380 740 2426 et
756 2371 972 2442 inseparabiliter
1022 2383 1115 2437 nune,
1137 2368 1211 2441 puori
1228 2371 1268 2426 rel
1284 2369 1394 2428 nietttiri
1413 2367 1450 2443 (e)
1466 2370 1652 2442 ignorantibus
1667 2371 1773 2442 possit,
1794 2379 1823 2427 et

169 2464 264 2531 unitis,
278 2463 438 2538 mysterium
452 2477 526 2521 reru
540 2477 573 2520 ae
584 2464 715 2521 naturalis
728 2464 839 2521 unitatis
852 2465 887 2522 sit
902 2482 971 2538 pru·
1022 2460 1120 2519 dorem
1134 2461 1196 2535 quid
1212 2463 1248 2519 sit
1269 2464 1321 2518 hoe
1335 2462 1407 2535 quod
1421 2462 1506 2519 Filius
1527 2464 1610 2519 mittit
1622 2476 1638 2517 a
1652 2463 1744 2520 Patre.
1769 2462 1822 2533 ert

169 2556 328 2614 οἱοιιιιιιιιι.
1022 2555 1124 2621 mittit,
1151 2563 1313 2625 potestatem
1326 2570 1404 2611 suum
1419 2556 1446 2610 in
1460 2552 1578 2626 eoquod
1594 2554 1678 2611 mittit
1689 2554 1820 2610 ostendit.

207 2650 252 2707 ts.
272 2649 365 2705 linitas
382 2648 446 2706 lilii
460 2660 483 2705 et
503 2650 592 2706 Patris
613 2650 708 2707 diserte
726 2651 754 2705 iu
770 2650 913 2723 seripturis
925 2668 970 2708 ot·
1022 2648 1076 2706 Sed
1092 2648 1162 2720 uttod
1176 2662 1191 2702 a
1206 2648 1286 2705 Patre
1299 2649 1400 2715 tnittlt,
1426 2647 1490 2719 quid
1513 2646 1715 2719 intelligemus,
1729 2656 1821 2703 utrum

167 2751 247 2799 terte
262 2772 298 2783 --
311 2741 481 2813 Respuitsunt
499 2742 581 2813 igitar
599 2758 615 2799 a
631 2742 710 2800 trobis
728 2752 770 2800 est
788 2744 908 2800 stultitia
930 2745 972 2799 lu·
1022 2753 1177 2815 acceptum,
1193 2752 1239 2799 aut
1250 2743 1413 2810 dimissum,
1434 2751 1481 2799 atil
1494 2741 1634 2813 pertitam?
1649 2755 1711 2798 nam
1724 2741 1821 2799 ltorum

168 2835 300 2901 rentium,
314 2833 617 2892 addeutotislrationem
632 2844 737 2891 tantum
752 2836 841 2893 inanis
859 2836 972 2893 menda·
1022 2850 1136 2893 neeesse
1149 2844 1192 2893 est
1205 2851 1287 2891 unutti
1311 2834 1412 2906 aliquid
1435 2834 1587 2904 signilloet.
1613 2834 1685 2905 quod
1706 2849 1721 2888 a
1740 2834 1821 2891 Patre

167 2927 222 2985 eii:
247 2942 283 2983 ue
306 2926 447 2998 imperitos
470 2927 596 2985 saltarent
611 2942 687 2984 ruitae
701 2943 733 2984 ae
746 2928 866 2985 ridicule
879 2944 969 2986 asser·
1021 2930 1156 2986 missuras
1171 2935 1223 2985 est.
1246 2927 1281 2984 Et
1294 2929 1427 2983 missurus
1439 2942 1454 2982 u
1467 2926 1547 2983 Patre
1560 2936 1675 2983 osteum
1690 2926 1820 2997 Spiritum

168 3019 252 3077 uenis
276 3034 380 3076 errore.
406 3017 541 3077 Getarum
561 3018 629 3077 ildes
647 3021 803 3094 euuangelias
815 3024 970 3095 responsio·
1021 3020 1166 3087 veritatis,
1190 3020 1263 3091 quia
1279 3019 1360 3076 Patre
1374 3018 1513 3089 procedit:
1533 3019 1589 3088 jam
1615 3033 1681 3091 ergo
1700 3032 1755 3075 nott
1778 3027 1821 3076 est

168 3110 211 3169 uis
223 3119 326 3168 nostra
340 3112 503 3169 necessitate
517 3127 571 3168 non
589 3113 671 3186 eguit.
696 3113 833 3173 Unitatem
849 3125 968 3173 nostram
1022 3115 1164 3186 receptio,
1188 3113 1235 3170 ulii
1249 3115 1434 3170 demonstrata
1450 3112 1589 3183 processio
1612 3120 1664 3168 est.
1690 3111 1820 3185 Superest

166 3208 202 3265 ad
218 3209 301 3264 lleum
313 3208 444 3263 llominus
455 3223 505 3278 pro
516 3207 594 3264 noltis
608 3220 732 3279 precatus
743 3221 800 3267 est:
817 3225 893 3267 stiam
905 3211 1004 3276 teroC
1021 3221 1051 3269 ut
1074 3209 1268 3267 eouilrmentus
1292 3210 1318 3265 in
1342 3223 1376 3264 eo
1390 3209 1553 3265 sententiam
1571 3216 1713 3275 nostram,
1737 3207 1818 3281 227

167 3300 475 3375 monimentum
489 3301 557 3357 inea
572 3311 673 3360 tornet.
690 3302 746 3361 Nee
757 3320 804 3373 per
812 3321 968 3362 sacramen·
1019 3313 1110 3360 utrum
1125 3304 1152 3358 in
1167 3301 1218 3358 hoe
1239 3300 1280 3375 (ι)
1295 3301 1330 3373 (()
1351 3301 1526 3356 consistentis
1548 3300 1756 3373 egressionem,
1782 3315 1818 3357 an

167 3403 224 3449 tunt
239 3393 451 3463 dispensationis
463 3409 545 3449 utinm
564 3404 642 3463 sunt,
658 3395 704 3451 sed
716 3411 766 3468 per
781 3407 883 3453 naturae
898 3401 967 3455 nuti·
1018 3398 1103 3471 geniti
1117 3397 1320 3468 processionem
1333 3395 1531 3451 existimemus.
1619 3387 1630 3406 ⁶

166 3488 278 3544 ritatem
294 3529 302 3554 ,
327 3487 391 3543 dum
411 3486 479 3544 uiitil
493 3489 520 3544 itt
536 3503 570 3546 eo
581 3505 613 3545 et
627 3504 657 3546 se
672 3491 743 3548 [leus
754 3506 816 3548 eunt
831 3494 966 3566 gignendo
1053 3492 1100 3547 20.
1117 3491 1232 3561 Spiritus
1244 3499 1376 3546 iunctura
1394 3506 1445 3561 quo
1459 3489 1491 3542 sit
1504 3505 1557 3543 nott
1578 3491 1715 3544 ittrerlum.
1741 3487 1818 3556 Quod

165 3580 323 3653 deperierat.
346 3579 434 3637 Unum
448 3591 512 3636 sunt
524 3623 531 3648 ,
543 3582 607 3638 dum
622 3598 683 3654 otim
698 3583 733 3640 de
746 3600 828 3642 ntunu
841 3589 899 3657 ejus
910 3602 964 3644 non
1017 3601 1033 3638 a
1048 3583 1118 3639 Filio
1128 3584 1221 3654 accipit
1235 3626 1242 3651 ,
1258 3584 1411 3653 arcipirata
1427 3580 1517 3637 Patre.
1546 3579 1616 3637 liinr
1629 3597 1709 3636 atiani
1723 3589 1817 3636 aalma

162 3674 327 3744 rapiuntur,
345 3688 398 3729 nott
414 3674 557 3744 rapiuntur
570 3674 605 3732 de
619 3691 700 3732 manu
716 3676 804 3735 Patris
818 3678 917 3748 (loen.
934 3695 963 3749 x,
1016 3676 1164 3734 rnntPater
1174 3687 1197 3733 et
1209 3676 1304 3733 l'r'iiur.
1319 3675 1463 3748 -Neque
1478 3677 1505 3731 in
1518 3676 1570 3731 ltoc
1585 3674 1818 3731 nunemlumnior

162 3767 201 3824 28
211 3766 241 3840 );
266 3766 332 3823 dum
355 3783 388 3824 eo
408 3769 516 3839 eognito
532 3769 610 3825 Pater
622 3772 747 3842 cognitus
762 3781 822 3840 esl;
846 3773 910 3829 dnm
932 3789 965 3831 eo
1017 3770 1056 3844 (p)
1068 3771 1186 3828 libertati
1198 3770 1392 3842 intelligentiae,
1404 3779 1494 3825 utrum
1505 3784 1538 3823 ex
1549 3769 1640 3834 Patre,
1653 3782 1687 3821 an
1699 3781 1733 3822 ex
1747 3765 1816 3822 Filio

164 3859 227 3915 riso
242 3859 324 3915 Pater
338 3860 411 3914 nisus
424 3871 465 3915 est
477 3877 485 3926 ;
499 3860 562 3916 dum
577 3876 636 3932 qttm
656 3861 786 3934 loquitur,
809 3879 923 3921 manens
938 3866 964 3922 itt
1017 3863 1059 3936 (ἢ)
1082 3865 1213 3935 Spiritum
1234 3863 1398 3934 pararlolutn
1421 3870 1517 3934 putent
1531 3874 1603 3916 esse.
1628 3859 1686 3915 Non
1700 3858 1771 3915 enim
1788 3858 1815 3914 in

161 3969 195 4011 se
207 3953 288 4009 Pater
304 3951 442 4024 loquitur;
467 3951 530 4007 duni
549 3953 575 4007 in
589 3964 720 4024 operante
732 3971 762 4011 so
775 3966 902 4026 operatur
915 3957 966 4014 Pa·
1017 3958 1120 4015 incerto
1149 3958 1277 4014 llominus
1299 3957 1410 4026 relirptit
1431 3976 1438 4012 ε
1462 3970 1523 4009 nain
1542 3953 1594 4010 sub
1617 3951 1714 4008 iisdem
1736 3949 1815 4009 dietis

160 4057 222 4116 ter3
232 4044 545 4118 dutuipseiuPatreest,
554 4054 580 4102 el
589 4047 796 4105 ineoPuterest
807 4048 898 4121 (ioan.
907 4043 963 4122 utu,
1017 4052 1075 4109 ltoee
1090 4054 1126 4108 itt
1139 4057 1247 4108 loettttts
1261 4060 1322 4108 ests
1343 4050 1436 4106 Aditur
1448 4049 1531 4105 inuita
1545 4047 1625 4105 iudeo
1637 4046 1707 4103 uniit
1719 4046 1814 4114 disere,

198 4190 239 4266 (l)
252 4189 287 4245 ln
299 4189 413 4263 pardem
425 4189 585 4245 condolentis
597 4192 778 4264 egressionem.
1049 4193 1089 4270 (ι)
1103 4194 1233 4266 Spiritum
1244 4203 1370 4250 tancttnn.

1014 4330 1057 4386 nis
1073 4331 1210 4399 proprium
1226 4337 1280 4396 est,
1296 4339 1324 4386 ut
1338 4329 1440 4386 nttllum
1457 4328 1630 4400 procedentis
1644 4326 1751 4386 initium
1766 4343 1813 4387 so·

196 4329 236 4402 (ο)
249 4327 328 4398 Quod
342 4330 475 4400 superiori
489 4344 603 4385 numero
615 4327 779 4390 dictumest,
794 4343 844 4384 nos
855 4328 961 4385 Eucha-

1013 4410 1069 4457 nel.
1085 4401 1164 4458 Unde
1174 4402 1302 4465 llilarius,
1314 4401 1361 4457 lib.
1372 4419 1409 4468 ιι,
1424 4417 1452 4458 ιι.
1465 4403 1509 4460 3¹.
1525 4399 1585 4456 Filii
1597 4400 1766 4456 nativitatem
1779 4418 1814 4459 eo

157 4401 247 4458 rislin
263 4399 395 4456 berteiirio
408 4403 436 4456 in
449 4403 521 4457 neiis
535 4398 681 4456 amantibus
691 4410 834 4454 triartentent
843 4416 890 4473 per.
903 4417 961 4455 rar·

158 4489 217 4528 ιιοιι
229 4470 363 4527 Christum
373 4472 493 4536 halbero,
509 4488 580 4526 nttne
593 4470 720 4528 disertius
732 4472 889 4528 enuntiatur
903 4488 961 4528 ma·
1012 4473 1144 4528 uoralmlo
1157 4482 1220 4537 utile
1234 4488 1390 4543 expressam
1402 4473 1504 4527 dixerat
1513 4479 1522 4526 ἰ
1545 4473 1606 4540 puin
1626 4487 1678 4525 ιιοιι
1700 4481 1729 4526 at
1749 4483 1813 4529 erret

158 4559 226 4601 nere
240 4545 267 4600 in
280 4545 359 4599 nobis
369 4544 506 4600 carnaliter
522 4543 630 4599 Filium.
1012 4544 1087 4613 coepit
1100 4543 1235 4610 annihila,
1248 4543 1292 4598 sed
1305 4546 1390 4599 calita
1404 4553 1542 4606 titanorum
1560 4551 1584 4596 el
1602 4542 1695 4596 exiisse
1708 4543 1812 4614 signfi-

195 4616 236 4686 (l)
253 4616 281 4670 ln
295 4631 347 4669 ms.
363 4615 468 4672 Martia.
483 4616 559 4682 ltar,·
580 4615 652 4686 quod
667 4630 728 4670 mox
741 4613 812 4670 dieta
832 4614 960 4672 disertius
973 4617 1137 4706 „cartonen
1150 4615 1375 4671 internetionem
1388 4623 1396 4682 (
1411 4630 1458 4667 sou
1483 4614 1665 4684 processionis
1677 4611 1812 4669 distinete

156 4686 368 4756 ootnpreltendil
381 4706 388 4742 ε
399 4702 431 4742 ao
456 4701 548 4757 postea
569 4696 598 4741 ut
619 4688 646 4743 in
669 4686 730 4744 aliis
743 4687 959 4755 uetustioribus,
1013 4689 1047 4743 ali
1060 4703 1119 4744 eoa
1134 4703 1187 4759 quit
1201 4684 1316 4758 exitur),
1335 4704 1385 4741 nen
1401 4684 1476 4739 dalet
1493 4682 1672 4738 inclinationis.
1691 4684 1749 4740 Non
1763 4683 1812 4741 de-

156 4759 340 4823 unianimitas,
356 4760 567 4816 unianimitatem.
1013 4759 1099 4814 clarat
1113 4758 1221 4830 quidem
1236 4760 1278 4814 ltic
1292 4758 1407 4814 liilurins
1419 4773 1452 4810 un
1468 4756 1545 4824 periti
1556 4755 1742 4826 processionem
1753 4756 1810 4811 eri·

193 4827 231 4904 (ι)
247 4828 308 4885 vat.
323 4831 381 4885 ltus.
396 4844 446 4886 ms.
476 4833 520 4887 sed
541 4831 669 4898 nativitas,
691 4832 769 4887 nobis
791 4847 845 4887 non
866 4829 963 4902 proba·
1012 4831 1124 4886 stimate
1143 4830 1301 4886 debeamus.
1327 4829 1364 4886 dt
1377 4844 1437 4884 euin
1454 4828 1492 4882 lin
1519 4843 1554 4890 ιι,
1575 4844 1602 4881 ιι.
1627 4827 1653 4887 l,
1677 4826 1809 4896 Spiritum

157 4911 213 4959 ιιι.
325 4952 334 4968 ,
1012 4910 1135 4957 satrtetunt
1147 4901 1242 4957 dorttnn
1257 4910 1413 4971 nutteupot,
1437 4899 1475 4954 nti
1490 4899 1552 4953 lieet
1566 4899 1742 4967 responsione
1754 4897 1809 4954 titt·

192 4971 235 5046 (d)
249 4971 313 5029 Par.
328 4981 390 5043 post
405 4971 545 5044 Lipsium,
567 4973 603 5028 nd
615 4974 808 5028 trannintitatrm
825 4975 919 5029 :male
933 4982 961 5028 et
1012 4973 1122 5043 gosuini,
1139 4974 1186 5029 lili.
1200 4989 1216 5028 ι
1231 4973 1265 5027 de
1280 4972 1377 5028 Trinit.
1394 4988 1417 5026 e.
1434 4970 1469 5027 ll
1484 4989 1490 5024 :
1505 4968 1577 5025 Exiit
1587 4970 1663 5037 enim,
1677 4985 1729 5023 nor
1742 4986 1808 5039 quo·

156 5055 259 5115 putrer
275 5044 355 5100 tillem
370 5059 435 5100 mss.
460 5043 528 5101 Nam
541 5046 605 5102 illud
620 5045 654 5098 nd
676 5045 815 5111 unitatem,
831 5044 858 5099 id
872 5053 914 5099 est
926 5045 960 5100 ad
1011 5045 1088 5098 modo
1101 5055 1196 5110 natur,
1216 5044 1262 5110 aad
1278 5044 1407 5116 quomodo
1419 5044 1511 5106 dotus,·
1534 5053 1556 5095 et
1578 5041 1636 5095 ideo
1649 5057 1700 5095 narr
1714 5041 1810 5097 datur

155 5117 335 5187 explicandos
349 5115 434 5181 Ιοιοι,
451 5117 477 5171 in
489 5116 585 5188 quilius
600 5117 686 5170 unitas
698 5113 912 5171 onttnnandatnr.
1012 5113 1108 5169 Filius.
1124 5116 1177 5172 Sed
1188 5127 1281 5185 aperta
1292 5128 1331 5170 est
1346 5116 1439 5171 lltlarii
1449 5112 1686 5184 ipsiusseutenlia,
1699 5111 1747 5167 lib.
1759 5129 1807 5179 tit,

193 5188 231 5261 (e)
246 5187 276 5242 Ιιι
290 5187 332 5241 tuti
352 5187 415 5252 atis,
430 5188 462 5243 ab
476 5187 663 5258 ignorationes·
677 5188 776 5242 rectius
791 5187 816 5240 in
834 5201 899 5241 mss.
915 5188 956 5258 ip·
1009 5203 1037 5241 n.
1052 5188 1097 5249 st,
1112 5187 1244 5241 dicentis:
1263 5185 1427 5259 Uttiprnitum
1441 5193 1607 5240 antenotata
1622 5185 1703 5238 sciens
1716 5225 1724 5253 ,
1739 5188 1809 5255 peni·

154 5259 319 5327 iterantibus,
334 5203 387 5314 ine
400 5271 452 5325 est,
466 5261 535 5329 apud
549 5260 703 5328 igttutunles
716 5273 747 5315 ae
762 5258 908 5328 sintplices.
1009 5267 1063 5313 lunt
1074 5267 1160 5313 tritten
1173 5259 1299 5332 Spiritum
1310 5269 1428 5312 sumtum
1440 5273 1491 5310 nott
1504 5256 1618 5309 dictitatis
1628 5257 1686 5310 rint.

192 5330 227 5405 (fl
246 5328 315 5385 (inm
330 5330 490 5386 uocabulum
506 5332 638 5403 egressio,
660 5330 719 5401 ejus
739 5331 784 5398 niti
800 5332 857 5385 exit
869 5328 904 5385 ab
924 5344 957 5385 eo
1045 5330 1083 5400 (g)
1098 5329 1142 5386 Sir
1155 5343 1221 5385 mss.
1237 5334 1272 5384 tlt
1282 5329 1357 5392 editi,
1373 5328 1523 5383 libertatern.
1538 5327 1578 5381 Ex
1595 5326 1637 5381 itis
1652 5341 1809 5396 assequen-

154 5406 228 5459 unde
241 5403 298 5458 exit
312 5401 515 5458 distinctionem
530 5402 661 5474 sigrtilleet
673 5444 679 5467 ,
693 5410 772 5456 eante
790 5403 814 5457 ei
834 5401 959 5471 adjicitur
1009 5400 1080 5456 tilius
1097 5399 1190 5454 llilarii
1205 5401 1284 5457 dictis
1306 5400 1391 5455 rideri
1415 5409 1525 5470 posset,
1550 5398 1604 5468 jum
1628 5407 1684 5453 tnm
1707 5408 1807 5456 motam

155 5475 273 5532 ιιιῑιιιιιι
289 5474 470 5538 consistentis,
494 5489 548 5546 qno
562 5483 665 5530 nature
680 5473 769 5529 unitas
781 5473 870 5528 eidem
882 5487 958 5530 asse·
1009 5487 1072 5528 esse
1094 5471 1129 5528 de
1150 5471 1265 5542 Spiritus
1279 5471 1365 5526 saneti
1387 5471 1564 5541 processione
1583 5471 1805 5525 eotttrorersiatn.

154 5559 240 5602 rator.
252 5546 331 5611 Quod
346 5547 497 5601 illustratur
509 5545 599 5602 verbis
607 5545 710 5618 cyrilli,
723 5546 741 5601 l.
754 5561 783 5601 ιι.
796 5544 822 5599 in
835 5543 915 5602 ioan.
928 5559 954 5601 e.
1009 5543 1114 5613 Quippe
1125 5554 1218 5612 aperte
1233 5543 1333 5599 indicat
1346 5542 1457 5599 minime
1470 5543 1521 5597 sibi
1541 5541 1673 5596 incertum
1687 5583 1695 5604 ,
1711 5541 1776 5610 quin
1791 5557 1807 5597 a

154 5618 192 5673 3:
209 5615 298 5673 aaut
309 5617 378 5672 ιιίιιι
387 5633 420 5672 re
434 5614 514 5672 Patre
531 5617 559 5673 iu
572 5615 702 5688 proprium
720 5619 895 5673 exsistentium
910 5616 972 5671 Fi·v
1009 5613 1090 5670 Patre
1106 5625 1133 5669 et
1145 5614 1213 5670 uitio
1226 5615 1273 5676 sit,
1289 5617 1413 5685 quamuis
1424 5614 1458 5670 de
1472 5613 1598 5684 loquendi
1613 5613 1717 5667 ratione
1731 5612 1807 5679 plus·

154 5689 225 5755 liar,
250 5691 298 5743 ersi
310 5688 338 5742 in
351 5690 408 5761 ipro
422 5690 609 5745 reiterandum
631 5699 757 5744 natarent.
782 5689 816 5745 Et
834 5688 902 5758 qrtotl
921 5688 957 5742 iii
1008 5685 1098 5741 culum
1113 5686 1217 5758 litigare
1233 5686 1310 5742 ιιιιΙιι.
1322 5683 1382 5739 lain
1395 5699 1458 5741 roro
1469 5686 1640 5741 observatum
1652 5695 1704 5747 est,
1717 5682 1763 5737 lili.
1773 5696 1805 5750 ιι,

153 5759 299 5824 ιιιίιο,ι“ιι“
351 5777 376 5814 nt
388 5757 431 5814 itio
445 5761 551 5816 ntirmru
562 5776 617 5817 etse
636 5759 773 5831 significat.
795 5761 889 5832 ltaque
903 5759 956 5831 Cy·
1007 5771 1083 5813 nutu.
1110 5756 1138 5824 l,
1166 5767 1223 5814 nol.
1250 5756 1348 5813 Filium
1374 5755 1490 5827 Spiritus
1503 5758 1589 5814 suncti
1601 5762 1631 5814 et
1644 5753 1803 5826 largitorem,

153 5833 218 5891 rlllo
231 5846 287 5892 nou
314 5830 464 5892 'marma
474 5833 594 5908 ιιιιίιιὲ.
609 5833 743 5892 Praeterea
759 5835 811 5893 ltoe
823 5833 956 5904 ramniu·
1007 5837 1035 5888 et
1047 5839 1177 5889 ritctomn
1190 5832 1224 5891 ali
1236 5843 1270 5890 eo
1280 5828 1456 5903 appellatum,
