4209 6250
271 270 328 329 685
892 256 1017 325 sunctt
1032 250 1164 327 illidiill
1181 254 1339 329 EPISGOPI
1875 260 1930 323 dii

274 392 303 441 ut
322 387 385 441 ante
404 381 513 449 omnia,
532 376 604 450 qood
629 375 785 449 specialiter
802 381 878 445 optat
901 373 1001 433 meotis
1023 381 1078 429 toae
1090 371 1117 435 A
1129 375 1259 447 cogitare.
1274 373 1364 431 'iestis
1378 381 1468 429 autem
1481 368 1547 430 mibi
1561 381 1603 431 est
1619 373 1707 439 heus,
1724 374 1801 431 testis
1815 381 1857 431 est
1872 384 1927 429 tttta

275 488 340 545 erga
354 474 436 529 heum
450 472 555 529 sincera
574 468 702 540 deuotio„
716 482 777 527 cum
792 467 853 527 lldci
868 483 968 536 causa,
984 468 1077 539 inqua
1128 481 1189 524 cum
1202 467 1259 523 suis
1270 465 1400 525 membris
1410 466 1543 531 Ecclesia,
1557 480 1601 522 me
1614 464 1668 522 lide
1677 473 1705 522 et
1718 474 1792 522 nretu
1802 465 1830 521 in
1843 465 1927 525 Oeotu

277 566 363 635 prima
388 563 467 620 nobis
489 576 552 632 spes
571 571 614 618 cst
636 560 670 616 ad
694 559 791 626 Oeum,
816 559 960 631 diligenter
983 559 1078 619 luisset
1128 568 1326 616 meumcnucta
1347 558 1482 614 mundana
1497 559 1551 627 ita,
1567 567 1597 625 ut
1610 558 1765 629 eraruelica
1780 566 1931 630 etapasto·

273 659 355 730 072
368 664 479 712 tractata
492 651 540 726 (a),
555 667 589 709 ne
599 668 703 721 eertum,
715 653 759 725 qui
772 663 892 708 nostram
905 654 976 710 eirca
990 652 1077 709 Oeum
1127 650 1179 711 lica
1190 652 1259 706 ratio
1271 650 1403 724 praecipit,
1414 650 1522 713 calcare
1534 660 1617 721 atque
1624 650 1755 719 calcasse.
1765 648 1825 711 Non
1837 647 1930 706 lurore

273 747 472 806 observantiam
484 747 577 802 mirari
588 745 698 811 dehent,
708 754 820 817 possent
831 745 911 801 hstiri.
922 745 956 800 Et
965 744 1076 816 dignum
1129 745 1285 812 temerario,
1294 742 1343 801 sed
1352 742 1501 805 constitute
1510 751 1590 815 atque
1602 742 1746 801 observato
1752 742 1815 813 jure
1824 742 1928 809 divino.

271 842 358 899 luerat
372 840 419 896 Oei
432 839 548 907 cultore,
564 839 675 911 dignum
691 838 805 910 imperio
820 848 867 893 tuo
879 836 952 909 quod
968 834 1071 892 Christi
1128 849 1208 910 atque
1230 838 1257 892 iu
1279 837 1333 893 alio
1351 836 1505 905 ministerio
1524 835 1711 901 ecclesiastico
1731 834 1841 902 nivens,
1861 833 1930 891 nihil

272 937 373 1011 pietate
387 936 488 1009 regitur
498 946 526 991 et
543 946 669 1005 augetur,
684 932 907 1005 specialiterhne
922 932 1010 1003 ipsum
1025 947 1075 1005 pro
1128 946 1177 1003 per
1190 931 1272 1009 673
1285 931 1444 1002 jactantiam
1458 973 1465 999 ,
1486 929 1553 986 nihil
1565 945 1613 1001 per
1625 930 1720 1000 gioria
1732 929 1929 999 cupiditatem,

273 1031 424 1088 reverentia
441 1041 542 1086 sanctae
560 1027 717 1101 religionis,
738 1028 779 1084 eni
797 1026 944 1097 prudenter
957 1027 1077 1082 intentus
1127 1024 1201 1099 quod
1214 1027 1248 1082 ad
1267 1027 1355 1097 legem
1369 1024 1525 1097 pertinebat
1538 1023 1646 1096 implevi
1665 1041 1672 1079 :
1688 1032 1716 1079 et
1729 1022 1768 1085 ad
1783 1022 1854 1087 btud
1867 1020 1930 1078 olli·

274 1138 315 1195 es,
327 1124 579 1182 clementiamtuam
594 1123 672 1180 nobis
684 1120 718 1176 ad
732 1122 792 1177 hsce
817 1120 988 1194 impetranda
1006 1118 1090 1194 prce?
1127 1121 1200 1177 cium
1212 1162 1220 1190 ,
1234 1121 1310 1177 testis
1324 1128 1367 1176 est
1382 1119 1447 1175 milri
1462 1119 1534 1175 Oeus
1549 1134 1636 1183 nteus,
1652 1116 1755 1175 invitos
1767 1116 1886 1181 arcemn
1901 1115 1930 1172 in

274 1226 357 1273 stare.
1127 1226 1182 1287 quo
1205 1214 1285 1285 cupio
1305 1212 1416 1285 quidem
1439 1213 1499 1268 sine
1522 1211 1627 1268 offensa
1654 1211 1724 1281 Oei,
1749 1210 1877 1282 quamdiu
1898 1209 1927 1268 in

307 1309 336 1365 O.
358 1309 469 1366 Litteres
481 1309 654 1366 Orientalium
664 1309 837 1383 suppressisse
851 1307 919 1379 luiso
928 1317 1075 1365 remeetur.
1128 1306 1229 1362 saeculo
1240 1305 1327 1369 luero,
1351 1318 1522 1377 permanere.
1536 1303 1569 1360 Et
1582 1318 1727 1375 numquam
1741 1317 1800 1359 mea
1814 1307 1931 1371 statuta,

273 1399 327 1458 Eur
349 1402 386 1459 eis
408 1402 536 1473 fidemmn
557 1401 686 1459 lteioerit.
715 1432 751 1442 —
771 1401 825 1459 Sed
844 1401 921 1457 multi
943 1400 1074 1458 Ecclesiae
1128 1396 1176 1455 sed
1190 1397 1349 1469 apostoliea,
1361 1406 1391 1457 ot
1401 1405 1494 1453 essent
1506 1410 1615 1465 semper
1626 1397 1733 1457 hrmata
1744 1405 1771 1453 et
1781 1395 1929 1464 custodita,

276 1496 397 1553 membra
424 1495 544 1551 lacerare
573 1494 716 1562 festinant,
743 1493 789 1564 qui
817 1492 1009 1549 conbuserunt
1032 1506 1077 1549 me
1128 1489 1239 1563 perfeci.
1250 1490 1364 1547 Secutum
1382 1504 1485 1547 morem
1499 1488 1675 1559 ordinemque
1690 1485 1927 1558 majorum,nihil

273 1591 378 1649 litteras
395 1588 595 1660 suppressisse,
616 1602 651 1643 ne
671 1585 785 1643 crimina
807 1585 883 1657 ejus,
904 1600 984 1657 quem
1003 1584 1078 1641 dice·
1128 1584 1192 1641 addi
1214 1584 1381 1657 episcopatui
1404 1584 1479 1640 urhis
1500 1583 1611 1647 Rome,
1635 1581 1701 1641 nibil
1723 1581 1807 1641 nritrui
1830 1594 1930 1653 passos

270 1685 372 1742 bantur
385 1683 593 1748 condemnasse,
610 1680 681 1753 apud
693 1694 790 1736 omnes
801 1685 935 1750 paterent.
951 1677 990 1751 (b)
1004 1680 1078 1746 Oues
1128 1692 1188 1735 sum
1206 1694 1213 1732 ι
1227 1686 1255 1732 et
1268 1675 1342 1733 illam
1358 1675 1438 1731 ltdem
1455 1689 1651 1745 servansque
1664 1689 1712 1745 per
1725 1673 1930 1735 successionem

273 1779 335 1834 illas
359 1776 480 1833 litteras?
500 1775 697 1849 Episcoporum
718 1771 908 1841 Orientalium,
930 1781 957 1826 et
972 1766 1113 1844 AEgypB
1128 1777 1264 1824 tantorum
1288 1768 1478 1839 episcoporum
1503 1766 1640 1832 cucurrit,
1661 1781 1695 1823 ex
1717 1765 1816 1837 quibus
1837 1766 1930 1839 plures

272 1872 387 1936 tiorum;
409 1869 507 1943 quibus
526 1867 554 1922 in
578 1866 705 1923 omnihus
727 1864 822 1922 eedem
844 1864 872 1921 in
897 1864 1076 1921 Atltanasiom
1129 1869 1263 1933 martyres
1291 1860 1474 1927 exstiterunt,
1505 1857 1637 1917 illibatam
1662 1857 1793 1917 custodiri
1820 1873 1931 1928 semper

270 1964 386 2022 crimina
400 1961 626 2017 continebantorl
637 1958 673 2014 At
687 1958 753 2014 satis
764 1956 892 2014 omnihus
905 1957 1008 2013 clarum
1021 1966 1075 2024 est,
1129 1963 1239 2025 exopto.

271 2054 476 2127 necquicquam
498 2061 598 2123 negat,
621 2065 671 2108 nos
688 2049 865 2106 Orientalium
885 2050 990 2106 litteras
1010 2049 1075 2104 irtti·
1164 2044 1192 2100 l.
1222 2042 1286 2101 Cum
1301 2043 1477 2101 Orientalibus
1490 2061 1537 2101 ettr
1548 2046 1740 2101 sumntunicure
1763 2053 1930 2115 sepsos.-

270 2163 371 2215 nrnsse,
387 2146 485 2217 legisse
500 2143 640 2213 Ecclesiae,
659 2142 758 2212 legisse
771 2142 898 2205 concilio,
918 2153 1000 2215 atque
1016 2140 1075 2199 lraec
1129 2140 1249 2211 Oeniqoe
1266 2140 1321 2210 jam
1344 2154 1388 2195 me
1406 2140 1512 2215 aperire
1532 2153 1642 2196 causam
1655 2138 1749 2211 pietati
1763 2145 1815 2193 tuae
1829 2136 1930 2199 sollici·

271 2243 353 2299 etiam
369 2238 563 2304 Orientalibus,
577 2236 760 2307 respondisse
774 2235 819 2306 qui
834 2233 916 2290 lldem
928 2243 955 2289 et
968 2232 1078 2305 (elsem
1130 2232 1388 2289 tudnecclesiastica
1402 2240 1484 2304 atque
1498 2233 1554 2304 ipsa
1566 2232 1675 2288 deuotio
1699 2231 1854 2303 persuadet.
1883 2231 1929 2288 Si·

273 2333 384 2392 tentiam
396 2346 450 2387 rton
460 2325 693 2385 cotrrmodatimus
703 2334 836 2394 nostram,
848 2325 968 2397 qood(d)
979 2325 1076 2381 eodem
1127 2324 1436 2397 gnideantOrientales,
1453 2324 1513 2396 paci
1525 2335 1624 2383 nostem
1633 2324 1847 2397 nelleeonluugi.
1860 2322 1926 2391 Ooae

277 2437 400 2497 tempore
421 2421 459 2494 (el
481 2422 617 2493 octoginta
636 2419 825 2491 episcoporum
839 2417 1026 2490 AEgyptiorum
1042 2418 1077 2474 de
1128 2429 1169 2475 est
1183 2434 1254 2489 pax,
1270 2417 1482 2474 cletoentissime
1498 2418 1657 2488 imperator,
1671 2432 1733 2474 cnm
1745 2417 1800 2474 sint
1813 2433 1846 2474 er
1870 2434 1928 2489 par·

271 2515 422 2574 Athanasio
434 2515 569 2570 sententia
582 2513 760 2584 consignabat,
774 2528 856 2583 quarn
867 2513 993 2568 similiter
1007 2513 1077 2569 reci·
1130 2511 1200 2569 tihos
1213 2510 1278 2581 ipsis
1298 2517 1414 2582 quatuor
1440 2511 1560 2583 episcopi
1585 2509 1777 2582 Demophilus,
1803 2509 1929 2571 discedo-

273 2611 392 2666 tavimus
410 2615 491 2677 utque
514 2604 710 2661 insinuavimus
732 2605 867 2677 episeopis
891 2605 974 2661 ltalis.
998 2605 1077 2663 Unde
1128 2603 1372 2673 nitrs,Eudorios,
1390 2604 1551 2678 Martyrios,
1578 2606 1622 2677 qni
1649 2614 1712 2660 ante
1736 2620 1823 2659 annos
1848 2618 1927 2675 octo,

272 2710 367 2758 eontra
379 2697 497 2755 divinam
519 2698 607 2769 legem
623 2695 708 2751 risum
723 2706 766 2753 est
781 2696 880 2763 etiam,
894 2713 956 2754 cunt
971 2699 1077 2769 episco·
1127 2713 1188 2755 cum
1202 2697 1271 2771 apud
1286 2698 1323 2772 (ql
1339 2697 1519 2754 Mediolanum
1550 2699 1605 2753 Arii
1633 2680 1809 2755 sementiam=
1820 2698 1929 2756 haercti-

275 2807 371 2865 perum
387 2804 517 2847 numerus
537 2805 586 2860 pro
600 2787 749 2844 Athanasio
771 2789 858 2860 ntaior
874 2790 1033 2857 exsisteret,
1049 2791 1078 2846 iu
1127 2808 1187 2849 carn
1202 2794 1350 2848 noluissent
1365 2793 1513 2861 damnare,
1531 2791 1565 2848 de
1583 2793 1701 2849 concilio
1727 2795 1826 2848 anisnis
1850 2792 1928 2849 iratis

273 2895 352 2959 parte
366 2886 455 2955 aliqua
468 2878 644 2939 commodare
655 2894 829 2941 conscensum.
848 2880 912 2936 lieo
926 2881 1037 2952 scripta,
1052 2881 1077 2937 si
1128 2886 1270 2942 exierunt?
1285 2884 1387 2941 llornm
1400 2886 1423 2941 si
1439 2884 1480 2941 las
1494 2894 1536 2941 est
1549 2887 1708 2954 sententiis,
1722 2886 1802 2957 quale
1813 2888 1865 2955 sit,
1880 2894 1929 2943 sut

277 2978 337 3035 Oeo
359 2975 439 3033 iidem
466 2973 503 3047 (s)
524 2972 606 3029 debet
628 2972 763 3031 Eusebius
786 2970 832 3044 qni
853 2972 952 3031 missus
974 2971 1076 3044 inerat,
1128 2980 1191 3052 quid
1209 2979 1321 3052 periculi
1336 2979 1452 3045 lntheat,
1470 2978 1645 3045 comacendare
1658 2994 1830 3048 coneursum,
1844 2979 1930 3052 utqui.

275 3068 408 3128 testinans
431 3065 467 3125 ad
489 3065 608 3124 Alricam
633 3066 712 3122 nohis
738 3065 877 3137 reliquit:
901 3082 961 3138 quse
985 3075 1076 3125 umen
1130 3073 1421 3138 tasetelcmentiatna
1435 3073 1695 3145 poteritaestimare,
1721 3074 1779 3132 Aen
1806 3082 1848 3138 est
1874 3087 1926 3130 no·

274 3162 473 3236 pOOlttAOtilltitl
488 3159 602 3227 scripltl,
617 3173 651 3214 tte
664 3157 700 3214 ad
713 3157 911 3229 impetrandum
924 3157 994 3216 istrie
1008 3151 1111 3216 coti-C
1128 3184 1190 3232 suut
1201 3211 1207 3231 ,
1218 3168 1288 3239 quud
1303 3183 1374 3223 uurrc
1384 3167 1521 3224 subtiliter
1531 3176 1559 3223 et
1569 3168 1780 3224 submersione
1806 3166 1925 3224 nomionis

273 3256 367 3313 cilium
380 3255 522 3322 deessent,
539 3253 697 3310 Vincentius
711 3253 755 3324 qni
769 3267 831 3311 cum
846 3254 952 3312 ceteris
972 3256 1074 3312 missus
1129 3260 1269 3316 Athanasii
1284 3267 1440 3315 attetrtatur.
1453 3258 1561 3316 llanent
1571 3261 1669 3320 littera
1697 3259 1844 3316 Alexandri
1866 3258 1926 3330 epi·

274 3348 363 3406 luerat
375 3348 515 3406 Arelatem
527 3346 649 3418 pertulit.
1130 3353 1204 3426 scopi
1212 3354 1276 3409 olim
1286 3353 1319 3410 nd
1330 3353 1500 3427 sylvestrum
1513 3361 1615 3412 saincte
1628 3352 1930 3422 comminiscimur,

312 3442 339 3498 ὅ.
360 3439 516 3497 Criminibus
544 3438 593 3495 sibi
606 3454 623 3492 n
636 3436 786 3494 Gonstnntio
799 3439 914 3509 confictis
928 3455 956 3496 ss
969 3451 1074 3515 perpet.
1130 3447 1229 3518 quihus
1257 3446 1420 3518 signiticarit
1446 3457 1509 3501 ante
1533 3446 1732 3503 ordinationem
1772 3445 1930 3512 Athanasii,

275 3567 311 3581 —
321 3536 400 3593 Videt
416 3536 497 3609 igitur
510 3533 718 3609 prudentiatua‚
731 3531 835 3588 nihilin
851 3534 971 3592 animum
986 3551 1077 3593 meum
1131 3541 1171 3616 (h)
1186 3539 1311 3597 undecim
1339 3547 1392 3596 tam
1406 3539 1578 3612 presbyteros
1592 3552 1673 3610 quam
1688 3537 1927 3612 etlnquincones,

274 3629 419 3697 introisse,
440 3625 512 3699 qood
528 3626 584 3683 Oeo
596 3623 778 3686 servientibus
793 3624 972 3696 condignum
988 3627 1076 3688 luerat
1130 3633 1202 3707 quod
1215 3631 1272 3690 Arii
1286 3630 1412 3688 haeresim
1427 3639 1616 3702 sequerentur,
1632 3645 1662 3688 se
1676 3629 1789 3688 ecclcsin
1804 3628 1930 3699 eiecisse,

310 3765 350 3841 (o)
370 3768 469 3824 Baron.
488 3781 534 3820 nec
553 3779 652 3822 sorum.
672 3763 713 3820 An
728 3761 825 3818 teeltute
844 3778 932 3818 eorum
948 3764 990 3820 rel
1012 3773 1074 3823 tune
1127 3768 1263 3839 octogiuta
1282 3765 1428 3821 exstitisse.
1450 3765 1550 3831 Qtndes
1569 3774 1660 3820 autem
1680 3763 1715 3820 ad
1734 3763 1844 3830 lolium,
1860 3764 1931 3824 tales

275 3851 322 3898 aut
335 3838 428 3895 dehine
442 3853 540 3908 emunt,
559 3832 701 3896 sttbottdito
717 3844 809 3904 posteo
824 3835 956 3891 vocabolo
971 3838 1074 3894 reuse?
1127 3840 1162 3896 ad
1176 3837 1311 3895 Liberium
1328 3839 1451 3903 litteras,
1469 3838 1519 3891 hoc
1533 3845 1575 3892 est
1590 3834 1625 3900 ab
1641 3834 1754 3904 iisdem,
1771 3833 1798 3900 in
1813 3837 1930 3907 gratiam

311 3910 350 3982 (hl
369 3910 443 3966 Alias
466 3925 500 3968 et
528 3922 579 3964 ms.
602 3905 761 3974 Pithmatro,
783 3905 857 3974 quusi
881 3905 941 3964 ilius
965 3907 1074 3965 litteras.
1127 3907 1357 3968 Atlrauasiidntas
1367 3923 1439 3974 esse,
1455 3907 1598 3978 postremis
1610 3907 1757 3978 superioris
1771 3905 1791 3961 E
1794 3907 1928 3980 sagmenti

277 3979 449 4038 l‘raelerimns
468 3994 529 4033 com
552 3978 649 4032 Erron.
678 3992 742 4046 quus
763 3975 822 4030 illus
843 3975 957 4044 litteras,
978 3979 1076 4051 supple
1129 3982 1220 4039 uerhis
1239 3979 1400 4035 attoivitous.

277 4050 470 4123 suppressisse?
486 4049 532 4105 ilis
545 4049 634 4103 serbis
652 4046 771 4126 londitos
790 4047 842 4101 ruit
855 4062 948 4102 eorum
970 4052 1075 4134 opinio,
1166 4053 1206 4124 (p)
1226 4052 1324 4106 Barnun.
1346 4049 1421 4103 hahet
1434 4047 1589 4105 Theosehius
1603 4067 1612 4107 ε
1626 4058 1653 4108 et
1674 4065 1747 4119 mox,
1771 4059 1827 4122 post
1844 4048 1934 4105 eternis

276 4126 321 4195 qui
337 4123 504 4193 superiorem
520 4121 660 4189 epistolum
676 4118 776 4174 Liberti
792 4117 900 4173 contine
915 4119 1075 4188 tttsertotom
1128 4127 1260 4192 scriptu...
1276 4120 1408 4176 Arelatem
1427 4123 1548 4193 persensit.

277 4204 305 4251 ut
318 4193 462 4267 genuinam
474 4191 617 4261 recipiunt.
630 4188 680 4259 Qui
693 4190 765 4244 eninr
779 4188 956 4244 Orientalium
972 4192 1078 4249 litteras
1167 4195 1207 4267 (pl
1221 4195 1286 4249 Post
1299 4192 1475 4247 Athanasium
1489 4193 1535 4247 lib.
1547 4194 1582 4249 de
1592 4192 1696 4266 Synod.
1713 4209 1775 4266 pag.
1785 4191 1851 4259 895,
1864 4207 1928 4251 nar·

277 4266 462 4338 suppressisse
483 4262 654 4317 insitttulatos
673 4262 717 4326 sit,
743 4261 765 4315 si
791 4261 831 4315 eis
856 4276 959 4318 tuorem
979 4279 1080 4332 genens
1132 4277 1173 4321 rat
1192 4267 1318 4322 Socrates
1334 4264 1382 4320 lih.
1400 4279 1428 4328 ιι,
1442 4278 1467 4319 c.
1486 4262 1529 4323 tn.
1557 4263 1710 4323 Orientales
1729 4267 1848 4324 triennio
1868 4273 1930 4335 past

277 4337 393 4394 Romam
407 4334 583 4391 Athanasium
595 4332 726 4398 citaverit,
743 4345 776 4387 ac
789 4332 960 4401 postmodnm
974 4351 989 4388 a
1003 4350 1078 4394 coru·
1131 4337 1275 4392 concilium
1288 4334 1414 4392 Antioch.
1430 4333 1494 4390 atini
1507 4334 1576 4402 stt,
1592 4337 1725 4408 prolixam
1746 4334 1808 4392 tidei
1825 4335 1932 4392 lormu·

280 4409 409 4463 munione
422 4420 471 4464 sna
485 4404 655 4461 retrtoneritl
1132 4408 1187 4464 lam
1201 4411 1416 4476 conscripsisse,
1430 4422 1544 4476 eatrrqnc
1560 4424 1607 4477 per
1618 4407 1792 4476 Eudntiupt,
1808 4406 1932 4464 ilacedo·

316 4478 353 4548 (ι)
374 4472 950 4546 Pitlr.nrs.,seieuiinnr‚hlargisplacetcutn
965 4477 1078 4545 Earum,
1134 4480 1207 4533 uinus
1222 4491 1249 4534 et
1265 4479 1422 4548 ttartynoot
1433 4478 1466 4532 ad
1478 4481 1620 4544 episcopos
1635 4479 1720 4538 italice
1744 4479 1860 4533 irrisisse.
1891 4479 1933 4534 Ex

279 4549 441 4604 sentiendum·
459 4547 533 4611 Mei,
550 4561 653 4603 necnon
678 4543 755 4615 Fris·
774 4560 811 4611 ll,
826 4562 853 4600 n·
880 4546 906 4614 5,
926 4547 960 4603 ah
983 4550 1079 4606 eodem
1134 4551 1240 4605 illumne
1256 4549 1442 4603 atlsetnuuatn
1460 4549 1565 4605 uidetur
1576 4551 1655 4624 hujus
1676 4550 1783 4606 concilii
1804 4551 1929 4614 occasio,

282 4619 388 4678 hiberin
402 4619 542 4675 audiemus
557 4616 718 4672 eosrtmodure
733 4632 893 4672 eortsensum.
1092 4622 1159 4689 Diu
1176 4626 1228 4691 quo
1245 4629 1357 4691 quotuor
1372 4618 1411 4674 illi
1423 4620 1542 4688 episcopi
1568 4621 1623 4678 Arii
1647 4623 1771 4678 itaeresitn
1799 4619 1932 4676 damnare

318 4690 356 4762 (d)
379 4691 505 4745 Eruimus
520 4689 616 4753 Esther,
640 4704 669 4746 eo
695 4696 818 4756 tempore,
835 4690 957 4757 quaturis
977 4691 1004 4746 in
1025 4706 1079 4747 suo
1133 4700 1302 4748 ret-nantas.
1324 4691 1399 4746 Unde
1410 4690 1498 4746 obiter
1520 4693 1714 4761 ob-ernanrns,
1730 4692 1755 4747 id
1771 4691 1933 4747 Occidenta-

282 4777 334 4818 ms.
349 4765 494 4830 reperisset
505 4761 593 4814 endem
603 4770 714 4830 tetttpore
726 4773 735 4811 .·
746 4758 882 4881 Ἱιιιιιιυιο
893 4761 974 4814 etiam
988 4770 1077 4819 exstat
1131 4764 1203 4820 libus
1219 4765 1303 4817 moris
1318 4762 1418 4826 luisse,
1435 4775 1463 4817 ut
1478 4764 1504 4816 iu
1518 4764 1639 4818 cottciltis
1651 4764 1707 4820 suis
1735 4780 1798 4819 cum
1823 4764 1932 4818 ceteris

282 4833 352 4904 apud
369 4834 465 4888 baron.
484 4833 551 4886 ilinc
566 4845 672 4884 rursum
689 4829 752 4884 relel
768 4830 829 4894 itur,
845 4830 915 4900 qood
932 4832 964 4886 ud
981 4833 1077 4890 deien-
1131 4834 1281 4890 haeresibus
1306 4833 1435 4888 Arionem
1464 4834 1697 4891 condemnandam
1734 4845 1930 4904 proponerent.

281 4904 396 4959 dendam
410 4903 557 4973 superioris
570 4900 691 4968 epistolae
705 4898 843 4954 veritatem
860 4903 980 4957 nonnulli
996 4920 1079 4960 esco-
1130 4906 1208 4973 Quod
1220 4905 1290 4960 ettim
1302 4905 1353 4958 hott
1365 4919 1436 4960 antro
1450 4920 1464 4958 a
1479 4905 1614 4976 perdictis
1640 4905 1794 4976 episeopis,
1821 4906 1871 4959 htvc
1889 4907 1932 4976 ip·

281 4978 411 5048 gitarunt,
426 4973 553 5029 nimirum
568 4972 703 5027 Liberium
720 4971 815 5025 litteris
825 4972 1000 5030 Orientalium
1017 4992 1079 5044 per·
1130 4993 1190 5036 som
1202 4993 1272 5034 :tttno
1295 4974 1348 5030 sti
1362 4976 1498 5032 avalense
1513 4983 1540 5031 et
1551 4975 1662 5032 Urstcin
1672 4977 1698 5032 in
1712 4976 1808 5033 eadem
1819 4975 1932 5034 ciuitate

283 5056 386 5101 motum
400 5060 459 5101 earn
475 5043 626 5110 scripsisse,
638 5042 730 5098 seduli
744 5057 774 5094 ea
789 5042 891 5098 edenda
905 5044 965 5100 aliis
976 5046 1078 5119 tEgyp-
1131 5045 1382 5112 esnctumluit,ut
1408 5050 1457 5115 ipo
1468 5049 1607 5105 declarant
1635 5047 1714 5119 rung.
1736 5064 1809 5114 ιι,ιι.
1832 5047 1879 5102 eb.
1903 5047 1933 5108 td

283 5117 381 5172 tiorum
408 5115 505 5171 litteris
526 5115 607 5171 inisse
629 5123 794 5170 revocatum.
817 5112 867 5182 Qui
888 5120 960 5171 eninr
981 5121 1080 5178 eodem
1132 5135 1240 5192 qnoque
1254 5119 1404 5174 Arelatensi
1417 5118 1597 5191 syntoloanni
1616 5120 1670 5177 553
1694 5121 1844 5189 praestitum
1867 5133 1931 5175 esse

284 5198 405 5260 tempore
424 5187 599 5245 Orientalium
623 5184 702 5239 simol
717 5195 744 5239 et
766 5183 954 5256 AEgpptioruot
976 5190 1081 5245 litteras

283 5259 437 5327 acceperit,
461 5257 483 5314 si
510 5258 616 5313 illorum
641 5255 736 5311 litteris
761 5268 915 5325 permotos,
943 5262 1016 5328 prius
1044 5258 1080 5316 ad

284 5330 461 5387 Athanasium
485 5331 660 5400 presbyteros
681 5326 797 5391 miserit,
818 5343 850 5383 ac
873 5332 1017 5388 otissorum
1032 5347 1082 5388 ex·

283 5402 414 5527 timim
437 5399 567 5467 reditum,
583 5414 664 5471 qnam
678 5399 714 5456 ub
733 5397 852 5471 AEgypto
871 5400 1018 5473 quidquam
1033 5418 1082 5459 nn·

303 5473 353 5528 iret

322 5542 357 5615 (el
378 5542 457 5613 Apud
471 5543 569 5600 Baron‘.
582 5541 743 5669 winegisus
756 5542 877 5614 quinque.
893 5541 977 5615 lingis
991 5544 1080 5614 placet

285 5629 345 5669 eum
366 5616 467 5670 nostris
489 5630 555 5670 mss.
576 5630 592 5669 o
619 5622 715 5668 orntu.
738 5612 803 5668 Num
826 5629 859 5670 ne
880 5613 1010 5685 episcopi,
1030 5617 1079 5687 qui

283 5685 389 5754 h'ragm.
415 5700 444 5752 tt,
465 5693 493 5740 n.
519 5684 547 5751 5,
568 5700 602 5742 es
659 5694 741 5755 gypso
753 5684 788 5740 sd
806 5627 912 5741 iulium
932 5686 1077 5757 scripsisse

280 5766 475 5824 tuemurantur,
491 5771 565 5812 uum.
584 5756 617 5812 lO
637 5755 758 5825 ejusdcm
774 5754 882 5829 Fragor.
896 5756 1076 5828 perhibentur

1134 5207 1197 5245 mett
1211 5192 1360 5245 audtetnus.
1378 5191 1593 5256 EtAtuannsins,
1609 5193 1655 5246 lib.
1667 5189 1699 5244 th
1710 5189 1812 5259 synon.
1827 5206 1854 5260 p.
1864 5190 1931 5259 sto,

1135 5262 1211 5318 testis
1222 5272 1279 5326 cst,
1296 5259 1407 5316 Arimini
1421 5259 1580 5328 pattciachun
1590 5279 1619 5317 en
1645 5263 1751 5318 ratione
1778 5259 1859 5332 luisse
1874 5258 1931 5318 Va·

1135 5334 1215 5388 lentis
1227 5346 1253 5388 et
1269 5332 1369 5388 Ursaci't
1397 5333 1577 5388 valeniensi]
1599 5333 1690 5403 'copis
1712 5332 1797 5401 errius,
1826 5331 1929 5401 inquit,

1135 5403 1334 5474 proponentibus
1349 5415 1374 5457 ut
1389 5413 1555 5462 coeteroeetnu
1590 5406 1663 5460 rinno
1675 5405 1860 5472 mensurentur
1874 5403 1930 5462 itc-

1136 5491 1218 5541 reses,
1233 5475 1386 5545 reliquisque
1396 5476 1513 5530 cornibus
1525 5476 1559 5530 od
1572 5477 1600 5529 id
1611 5474 1842 5544 consentientibus,
1877 5469 1931 5530 Vrt-

1136 5546 1191 5600 leus
1203 5555 1227 5598 et
1243 5544 1367 5601 Uenutius
1379 5562 1437 5600 cum
1448 5547 1524 5601 sociis
1534 5548 1689 5608 eluserunt.

1171 5616 1211 5688 (h)
1227 5616 1328 5674 liorom
1342 5618 1515 5690 Athanasius,
1531 5618 1644 5673 adsolit.
1661 5632 1687 5690 p.
1701 5616 1765 5684 858,
1779 5616 1933 5689 catalogum

1134 5689 1241 5743 videtne
1253 5697 1363 5754 terere,
1379 5688 1424 5744 ubi
1436 5689 1613 5772 conqueritur
1623 5690 1692 5761 qood
1708 5689 1834 5751 duisme,
1849 5704 1933 5758 ireque

1131 5758 1186 5815 iilis
1201 5761 1321 5830 notitiis,
1336 5761 1383 5816 ssd
1396 5772 1521 5817 reternnrs
1533 5776 1564 5816 se
1574 5763 1632 5834 jorn
1644 5761 1706 5817 siim
1731 5776 1790 5816 enm
1810 5759 1874 5818 Ario
1898 5759 1933 5815 sb
