4209 6250
256 354 305 410 aar
760 399 766 411 ,
859 301 982 401 suurn
1002 336 1134 398 trienna
1153 338 1309 397 cnecon
1855 332 1909 387 aare

255 470 318 537 toni,
332 483 382 523 nou
397 474 526 536 opinatam.
543 462 662 517 Liberius
682 458 832 533 sequentis)
850 475 858 516 .·
874 459 908 515 ab
929 457 1094 519 omnibnsA
1146 458 1173 511 7.
1187 455 1261 512 Fidei
1276 458 1332 528 ejus
1353 457 1396 527 poi
1414 462 1543 510 auctores,
1570 483 1605 494 -
1632 450 1793 508 «Perfidiam
1815 461 1906 505 autern

255 566 302 634 oui
329 564 356 617 in
384 558 511 631 presenti
534 556 660 623 luerunt3
683 553 755 609 banc
776 568 829 626 epo
848 552 941 608 libenti
964 553 1057 609 antimo
1108 548 1182 620 apud
1197 549 1324 606 sirmium
1338 548 1514 617 descriptam,
1529 547 1613 620 Μ
1633 561 1714 617 quam
1740 544 1804 601 dicit
1823 542 1905 598 Liba·

257 655 342 729 079
354 650 393 726 (s)
406 648 515 719 suscepi
542 647 552 720 (
568 649 711 702 duatbeuut
726 646 770 701 tibi
783 662 800 700 n
812 661 852 700 nte
864 644 981 710 dictum,
1011 642 1057 697 Li²
1108 647 1164 701 rius
1176 643 1350 707 catholicam,
1364 658 1378 697 a
1393 640 1552 712 bemopbilo
1563 639 1786 711 sibieapositarn,
1801 636 1828 692 bi
1843 645 1906 693 sunt

256 746 322 813 beri,
346 754 370 799 et
383 742 460 799 sociis
475 742 550 811 taisi,
562 740 590 795 in
608 740 682 795 nullo
693 735 865 803 contradixi,
894 738 1057 792 eonsensum
1108 736 1154 808 qtti
1169 735 1387 805 conscripserunt
1405 752 1413 789 z
1429 733 1579 799 Narcissus,
1596 731 1767 797 Theodorus,
1781 729 1905 797 Basilius,

259 834 479 905 accommodavi,
513 832 582 887 itane
608 830 849 902 mauron-baca
877 843 920 884 me
951 836 1060 885 tenetur
1109 823 1928 897 Eudoxias,bcmopbilns.Cecropius.silraans,ilrsa··

259 930 371 1005 (lterum
392 927 438 982 tibi
454 926 591 981 anathema
606 925 727 992 attonio,
750 923 932 992 praenoricnur
944 920 1056 993 biberi).
1112 922 1181 987 eius,
1202 919 1312 989 Valens,
1328 920 1469 989 Euagrius,
1487 918 1523 992 (b)
1537 919 1680 991 limenius,
1697 912 1905 1009 Esurieraniins,

259 1024 333 1083 Sane
357 1020 501 1093 petendam
525 1016 628 1074 credidi
641 1019 814 1074 sanctitatem
829 1022 969 1083 nestram,
995 1016 1059 1087 quiin
1112 1016 1301 1079 Terentianus,
1322 1016 1361 1089 lc)
1389 1015 1500 1079 Bassus,
1519 1012 1698 1078 Gaudentius,
1722 1010 1906 1079 liacedonius,

257 1117 312 1189 ianr
328 1112 474 1187 pervidetis
500 1113 527 1166 in
550 1110 677 1167 omnibus
694 1126 738 1166 ane
752 1108 831 1165 robis
842 1117 1057 1165 consentaneum
1111 1108 1151 1181 (dl
1166 1104 1297 1174 liartlaus,
1313 1109 1431 1173 beticus,
1449 1106 1546 1172 ltrlins,
1563 1107 1686 1173 snriuus,
1708 1104 1863 1174 sinmlieius
1879 1113 1907 1160 et

256 1220 336 1277 esse,
360 1206 508 1279 dignemini
531 1205 668 1261 communi
692 1203 807 1260 oonsilio
821 1219 853 1259 ac
872 1201 964 1260 studio
978 1203 1056 1260 labo·
1111 1200 1148 1278 (ε)
1160 1203 1267 1271 iunior,
1287 1198 1503 1274 (requirendum)
1518 1210 1612 1257 ornnes
1627 1198 1776 1257 haretici.»

256 1316 330 1370 rare,
344 1311 478 1371 quatenus
488 1298 522 1354 de
536 1296 633 1355 exsilio
641 1297 697 1367 J'am
713 1296 843 1364 nimiunn,
871 1304 899 1352 et
912 1295 1056 1353 adsedem

255 1408 316 1468 puae
331 1393 395 1450 milti
411 1391 541 1450 dininltus
554 1388 657 1448 eredita
671 1397 713 1446 est
727 1398 863 1446 revertar.

256 1561 318 1618 larii
337 1560 364 1615 in
383 1558 503 1630 psalmos
516 1552 822 1611 Tractatoscnntineus.
846 1551 915 1607 Tum
930 1551 1057 1620 opinatur
1109 1560 1137 1607 et
1149 1552 1218 1609 intra
1231 1560 1339 1621 tempus
1348 1552 1488 1608 exstitisse
1509 1550 1573 1607 olim
1588 1550 1793 1615 asserentibus,
1816 1561 1910 1623 postea

252 1634 370 1688 litteram
387 1628 541 1700 predictam
571 1625 713 1695 abaliquo
735 1622 857 1677 studioso
881 1621 969 1679 inem
995 1622 1056 1679 libri
1109 1623 1330 1679 renosirmiensi
1349 1622 1418 1689 ilde,
1449 1622 1600 1694 drreyranis
1622 1620 1741 1677 decretis
1766 1621 1911 1689 illustram,

256 1713 388 1766 notatam,
404 1715 455 1770 ntra
469 1704 591 1754 rataricrrl
605 1693 798 1765 requirendum
815 1706 876 1748 csse
891 1694 1000 1762 parisiam
1016 1691 1055 1749 illl
1109 1700 1172 1750 ante
1187 1696 1308 1763 tempora
1332 1702 1359 1749 et
1374 1710 1407 1748 es
1424 1695 1470 1748 ilai
1489 1690 1639 1749 substantia
1652 1692 1861 1759 confitentibus,
1877 1693 1911 1750 ad

255 1780 348 1829 esent
369 1772 404 1827 ini
431 1770 562 1825 nominati
577 1810 584 1833 ‚
609 1780 758 1836 arsurumne
771 1765 909 1820 cinianum
922 1765 1053 1833 episcopi.
1108 1774 1200 1820 reram
1213 1764 1293 1821 iidem
1307 1766 1440 1835 prolicere
1452 1765 1517 1827 luit.
1529 1762 1685 1829 carpendam
1701 1763 1911 1820 ιιιιιιΙιιειιιΙιιιΙιὁ

256 1846 311 1901 Nos
324 1852 415 1899 antem
426 1842 495 1896 banc
505 1849 596 1894 notam
608 1836 934 1906 appositamsuspicamur
945 1846 1055 1905 propter
1071 1860 1094 1919 B
1109 1851 1157 1891 cos
1169 1837 1296 1892 eradere.
1312 1834 1411 1891 Contra
1425 1836 1535 1892 Liberio
1548 1836 1706 1891 sirmiensis
1722 1834 1783 1890 ltdei
1797 1836 1907 1889 coales-

256 1930 339 1971 unum
354 1928 452 1969 nornen
466 1910 575 1977 intuor,
591 1909 663 1978 pund
674 1906 835 1976 adjectivum
853 1906 937 1975 strapis
949 1907 1057 1961 ridetur
1108 1910 1185 1962 sione
1196 1917 1316 1963 soractem
1336 1907 1576 1963 consubstantialis
1591 1905 1672 1962 tidem
1689 1906 1879 1976 supprimenti.
1895 1923 1911 1962 a

255 2002 336 2058 param
354 1985 491 2055 propritim
508 2023 515 2045 ,
539 1994 566 2036 et
587 1979 657 2048 apud
675 1978 818 2034 barcariam
835 1991 887 2030 nort
905 1987 1054 2046 comparet.
1110 1992 1173 2034 sera
1187 1978 1240 2034 lide
1252 1978 1368 2034 deucere
1381 1977 1451 2038 luit.
1470 1989 1497 2033 et
1510 1977 1644 2049 pertidum
1656 1987 1739 2046 atque
1752 1976 1912 2034 hereticum

257 2059 401 2113 Postremo
414 2055 526 2109 scritum
543 2050 735 2122 requirendum,
753 2047 824 2119 aaron
836 2049 975 2111 manarant
992 2060 1056 2103 nuta
1108 2049 1224 2118 quadam
1238 2052 1344 2104 ratione
1357 2049 1426 2105 lieri.
1454 2049 1596 2104 liareticis
1609 2050 1682 2104 enim
1695 2051 1911 2116 communicans,

260 2127 505 2199 resigniiicabatur,
520 2122 554 2177 ab
566 2121 656 2189 alinea
671 2122 697 2175 in
711 2128 813 2175 textum
828 2118 1057 2176 translatumesse
1109 2130 1137 2176 ct
1150 2119 1278 2175 credendi
1293 2123 1399 2188 legem,
1414 2136 1495 2189 priam
1509 2120 1639 2175 ltaeretieo
1653 2133 1735 2175 seusu
1751 2122 1909 2185 luebrutur,

255 2200 402 2269 eottjectat.
418 2194 511 2251 iliade
526 2193 610 2249 aerim
625 2190 808 2263 requirendum
820 2189 934 2253 notatis,
957 2189 991 2244 ed
1015 2191 1057 2245 in·
1108 2192 1233 2262 apuamris
1247 2192 1387 2247 intellectu
1398 2191 1532 2247 catholico
1543 2190 1577 2245 ab
1591 2191 1630 2247 eis
1642 2191 1786 2257 recipiens,
1800 2190 1911 2247 nereus

256 2272 378 2328 stitutum
392 2267 571 2338 questionem
586 2261 738 2317 redeamus.
1109 2271 1200 2332 partes
1213 2263 1431 2318 communiebat:
1444 2260 1596 2318 catholicus
1609 2261 1661 2319 lide
1674 2271 1701 2317 et
1714 2259 1837 2318 interiori
1844 2278 1910 2317 εειι-

293 2342 321 2398 si
333 2339 431 2395 liberii
445 2336 635 2406 expendantur
648 2332 730 2388 rerba
744 2373 751 2395 .
778 2331 888 2401 planum
904 2330 949 2386 liet
963 2331 995 2386 ad
1013 2346 1057 2387 ses
1108 2334 1234 2401 scientia,
1248 2334 1443 2390 communione
1455 2347 1488 2388 ac
1501 2331 1571 2389 lorte
1586 2332 1666 2388 ctiam
1680 2347 1790 2388 rumore
1802 2334 1911 2401 publico

260 2412 376 2468 condam
391 2408 570 2464 sirmiensem
584 2404 726 2459 formulam
739 2403 849 2458 orinime
863 2416 924 2457 esse
936 2401 1058 2458 releren·
1108 2402 1272 2468 Ιιιειειίειιες
1286 2420 1339 2475 quo
1349 2404 1383 2459 de
1398 2420 1507 2460 ramore
1518 2404 1647 2474 tegendos
1661 2402 1838 2472 sozomenus,
1856 2404 1905 2460 lib.

258 2478 506 2539 datirientaiibus
521 2476 593 2533 enim
609 2476 710 2543 primas
726 2474 829 2529 litteras
843 2487 906 2529 suas
920 2472 1056 2541 inscribit,-
1109 2490 1146 2540 tr,
1159 2490 1184 2531 c.
1200 2475 1244 2531 is.
1266 2475 1307 2531 lio
1319 2489 1400 2530 sensu
1412 2475 1605 2546 intelligendus
1618 2485 1660 2530 est
1671 2475 1850 2548 Hieronymus
1860 2474 1909 2531 lib.

258 2564 314 2608 turn
330 2553 365 2608 de
388 2550 459 2606 datis
477 2548 511 2603 ad
525 2547 677 2603 Orientales
694 2545 791 2600 litteris
808 2544 947 2599 Ursaciunt
961 2554 988 2600 et
1001 2544 1057 2601 Va·
1110 2562 1119 2602 ι
1144 2545 1178 2600 de
1191 2545 1291 2614 script.
1304 2546 1376 2602 eccl.
1388 2547 1510 2612 dixisse,
1528 2546 1664 2602 Liberium
1683 2560 1697 2600 a
1714 2544 1910 2602 Fortunatiano

258 2624 376 2689 laurera,
399 2637 432 2677 ae
446 2618 617 2687 postmodnm
633 2616 803 2671 Virrceutium
821 2614 1057 2685 etitalosepisco·
1111 2617 1147 2672 sd
1171 2618 1384 2688 suburiptionem
1407 2622 1533 2674 bercseos
1555 2616 1725 2686 compulsum
1749 2632 1821 2672 esse.
1850 2618 1910 2683 Orto

259 2710 309 2766 pos
323 2694 443 2751 studiose
457 2699 560 2746 monet.
576 2687 655 2745 Unde
669 2701 734 2742 reru
748 2696 819 2742 tanta
833 2690 858 2741 ei
869 2685 1057 2743 in0ricntales
1107 2697 1214 2754 suerint
1229 2689 1437 2745 etilludtlnsilii
1449 2688 1498 2745 lib.
1513 2706 1521 2745 ι
1536 2690 1571 2745 de
1581 2688 1797 2744 ordinationibus
1807 2702 1833 2745 c.
1851 2688 1907 2745 ss:

259 2767 369 2826 ltdtrcia.
386 2766 436 2819 disi
454 2765 515 2831 piria
529 2767 623 2817 coriam
640 2758 701 2814 lidei
715 2757 947 2827 subscripsisset?
973 2757 1057 2825 Atoui
1110 2758 1175 2825 Qrts's
1187 2761 1282 2814 nesciet
1299 2761 1368 2828 quod
1380 2760 1520 2828 Liberius,
1547 2762 1596 2815 bro
1611 2759 1676 2833 prob
1692 2760 1787 2815 dolori
1802 2761 1908 2816 Arimara

261 2836 442 2893 Orientalium
459 2833 526 2888 fides
540 2832 591 2891 alia
607 2841 661 2887 tum
678 2844 730 2884 non
745 2839 818 2892 erat,
838 2828 888 2883 uisi
900 2829 986 2899 prima
998 2826 1058 2883 Sir-

261 2908 375 2961 miensis
390 2920 442 2960 uua
461 2919 523 2959 cnm
546 2900 819 2970 pseudo-sardicensi
837 2909 865 2955 et
876 2899 1055 2955 Antiocheno.

261 2976 365 3033 ileirrde
388 2979 411 3031 si
434 2972 561 3029 secundae
576 2972 800 3040 subscripsisse,
818 2970 888 3039 apud
903 2969 1057 3025 Orientales

261 3049 352 3102 nlicere
369 3062 421 3101 non
436 3045 528 3100 debuit
541 3058 571 3097 se
591 3041 745 3108 suscepisse
758 3041 836 3111 pidem
849 3052 957 3095 oestrum
973 3050 996 3093 st
1009 3056 1056 3094 cn·

260 3117 385 3175 tirolirrmr
395 3133 452 3187 pare
458 3115 581 3171 sicardus
597 3114 712 3180 pluribus
725 3111 848 3183 frutribus
863 3120 886 3167 ct
899 3110 1057 3184 coepiscopis

262 3191 359 3245 assitis
370 3197 492 3253 tractata,
508 3187 623 3252 moestu
636 3194 784 3253 etruscepto
797 3192 843 3238 est.
859 3183 924 3238 Natu
937 3182 1055 3239 sectanda

1109 2830 1200 2884 bereri
1214 2832 1384 2902 subscripsit?
1871 2890 1873 2893 ,

1145 2902 1184 2971 (a)
1202 2900 1351 2968 Batonius,
1368 2903 1470 2973 suscepi
1492 2903 1519 2957 in
1535 2902 1609 2957 nulio
1629 2904 1815 2958 contradicens.
1838 2903 1909 2960 Suos

1108 2974 1245 3043 petendum
1272 2975 1389 3040 credidi,
1417 2975 1450 3029 iis
1478 2974 1587 3029 omissis
1609 2990 1669 3043 puae
1693 2974 1734 3029 itis
1750 2974 1907 3044 interpositu

1108 3053 1181 3097 ειιιιι.
1206 3044 1336 3112 Quamvis
1356 3056 1446 3101 antem
1469 3045 1495 3100 in
1516 3045 1660 3110 nonssion
1669 3045 1787 3100 editione
1800 3060 1831 3102 ea
1848 3046 1907 3115 ipsa

1108 3113 1291 3171 additamenta
1315 3117 1341 3173 in
1360 3115 1499 3174 Crescouii
1526 3112 1687 3172 collectione
1706 3131 1736 3172 se
1758 3116 1908 3180 uocantes

1109 3183 1243 3250 lateatnr;
1265 3202 1296 3243 ea
1322 3199 1410 3243 ιιιιιιειι
1428 3188 1520 3243 llilarii
1535 3203 1595 3243 esse
1609 3203 1719 3257 prorsus
1737 3199 1828 3259 negat.
1851 3185 1907 3243 lin·-

263 3278 276 3314 a
292 3262 356 3315 sniis
366 3256 583 3316 (incidentalibus¹
597 3255 729 3319 Ursacio,
749 3254 877 3318 Valente,
903 3255 1054 3321 Germiuio,
1069 3247 1093 3311 C
1109 3265 1179 3313 stras
1189 3272 1220 3313 ea
1234 3259 1268 3313 de
1279 3274 1309 3316 re
1322 3259 1491 3328 errnjectums
1502 3273 1655 3330 proponere
1663 3259 1728 3315 satis
1737 3259 1906 3317 babebimus.

263 3332 387 3386 Patarain
401 3342 425 3383 nt
440 3329 503 3384 Orio
515 3327 635 3396 expositu
646 3335 704 3391 est;
719 3339 751 3380 ac
762 3325 874 3395 proinde
888 3329 914 3379 tn
929 3339 988 3380 carn
1004 3339 1059 3381 unm

263 3403 336 3457 eadit
346 3412 466 3456 uestram.
484 3400 574 3468 bortge
585 3397 675 3451 minue
684 3396 811 3450 conticuit
823 3412 874 3450 rna
891 3395 1058 3460 catirels'cmn,

263 3489 323 3543 narn·
333 3473 373 3527 ris
395 3472 522 3527 sirmium
535 3483 645 3539 egressa
657 3478 710 3533 est,
725 3479 786 3522 carni
800 3482 861 3521 eant
875 3481 971 3522 ornnes
981 3483 1058 3522 arer-

263 3544 313 3598 sati
328 3553 399 3598 sunt.
424 3544 515 3612 Ntmne
526 3539 639 3594 dicenda
651 3538 700 3593 unu
714 3555 730 3591 o
745 3537 860 3608 pluribus
873 3537 995 3607 fratribus
1010 3553 1057 3593 cs·

263 3615 357 3683 positar
375 3615 452 3683 etrjus
468 3614 508 3668 rel
523 3627 569 3668 sen
585 3618 709 3666 aurlnrcs
723 3624 776 3663 rtrrn
790 3607 868 3664 luciis
883 3608 1056 3678 excogitatis.

263 3686 398 3741 Praetcrea
409 3686 430 3739 si
443 3683 523 3738 litletn
536 3680 656 3737 Valetttis
666 3678 802 3738 etllrsaeii
816 3680 1057 3748 opernexpositatn

263 3758 380 3827 recepita
400 3771 448 3812 eur
464 3770 517 3809 non
535 3751 673 3808 contendit
693 3751 800 3806 illorum
816 3751 932 3822 prunum
946 3760 1058 3819 captare

263 3829 397 3896 graetiam,
421 3827 466 3896 qtti
487 3835 515 3879 et
527 3823 598 3893 apud
614 3824 803 3892 imperatorem
821 3822 964 3891 plurimum
982 3832 1059 3889 pote·

263 3908 334 3964 rant,
350 3908 377 3955 et
391 3900 417 3953 in
428 3894 629 3966 ejusComitatu
639 3893 891 3949 tumversabantnri
900 3892 966 3961 Quis
975 3892 1057 3949 etiam

262 3979 352 4039 neget,
370 3968 556 4037 bernoplailurn
570 3965 750 4037 sapeseptus
768 3974 847 4018 antea
867 3974 1004 4029 tentasse,
1027 3972 1058 4021 ut

262 4038 398 4095 Liberium
419 4037 453 4093 ad
467 4038 579 4093 arianas
597 4045 687 4106 partes
711 4034 881 4091 inliectereti
910 4033 963 4091 scd
977 4045 1057 4091 antea

261 4110 364 4167 nullam
376 4111 535 4166 brionnium
549 4106 751 4178 partinmlldem
763 4107 942 4162 recentiorem
955 4105 979 4161 ei
993 4108 1057 4162 snb·

261 4180 433 4238 seribeutlaln
453 4179 551 4235 (offerre
570 4178 678 4248 potuit,
705 4191 785 4246 uuam
802 4176 980 4233 sirmiensem
999 4177 1055 4247 pru

262 4267 345 4308 mam.
365 4251 629 4316 liittimus‚ri1ttnn
643 4248 788 4305 secundam
803 4250 923 4319 potuisse
933 4247 1056 4305 oeream

260 4321 436 4388 delenirem
445 4323 567 4379 Liberius
581 4321 671 4389 lapsus
681 4330 733 4375 εει.
750 4318 1055 4389 beniquesmomenusa

259 4393 307 4449 lib.
317 4409 355 4461 tr,
369 4393 447 4459 eid,
465 4394 542 4449 testis
554 4403 605 4454 est,
617 4390 766 4457 Liberium,
780 4388 978 4454 enmsinnium
995 4404 1056 4458 per·

260 4465 392 4531 venisset,
406 4464 607 4521 eorrt'esdonenr
620 4463 748 4530 dedisse,
768 4477 819 4530 pun
834 4476 878 4516 eos
897 4460 940 4526 poi
956 4459 1056 4518 Filium

259 4537 403 4591 suendum
417 4536 587 4591 subdentium
597 4544 621 4589 et
632 4550 678 4605 per
692 4533 778 4587 ornain
793 4529 868 4585 Petri
882 4532 991 4585 similem
1002 4548 1055 4588 nan

259 4621 314 4661 csse
325 4617 477 4670 ιιιειιειειιι,
487 4606 585 4661 alienos
592 4605 624 4660 ab
632 4603 748 4659 Ecclesia
755 4603 949 4675 pronnrstinlrot.
961 4601 1054 4675 Neque

258 4676 310 4732 boc
322 4678 442 4734 iacturas
457 4687 536 4744 erat,
558 4678 582 4732 sl
599 4675 722 4747 proxime
740 4685 818 4730 antea
833 4674 990 4730 substantiae
1005 4690 1053 4730 ro·

257 4749 382 4806 eubulum
394 4749 559 4804 damnasset.

293 4840 339 4909 dl,
352 4843 466 4914 inernies,
478 4842 500 4897 si
515 4839 632 4895 ililarius
642 4838 778 4895 liberium
801 4838 895 4909 primae
910 4836 1051 4898 Sirmiensi

253 4913 356 4967 ecthesi
370 4912 544 4969 consensisse
555 4912 703 4975 intellexit;
719 4923 768 4964 cur
781 4923 851 4977 eant,
866 4921 946 4977 natam
958 4909 1005 4965 lib.
1015 4911 1051 4970 de

254 4980 371 5056 synodis
386 4985 482 5056 probat
496 4993 521 5038 et
542 4991 670 5044 excusat,
693 4996 763 5036 rrunc
787 4980 925 5050 pertidiam
947 4983 1049 5038 vocati

250 5053 311 5110 lana
322 5055 397 5110 libris
407 5053 565 5128 despondis
575 5060 602 5108 et
612 5054 637 5107 in
650 5051 837 5108 Constantium
845 5052 1048 5111 demonstrasse

252 5126 484 5195 conmonuemus,
517 5131 663 5194 dismanare
679 5123 782 5178 Hilario
804 5122 943 5193 probatam
965 5122 1049 5182 inisse

251 5194 429 5254 sirmiensem
443 5205 490 5252 aut
516 5196 596 5250 aliam
612 5193 791 5251 Orientalium
817 5192 908 5248 bdetu.
934 5194 993 5249 imo
1013 5209 1047 5252 cs

250 5281 284 5322 eo
297 5268 369 5338 qtiotl
391 5266 664 5323 atstandandane.
680 5263 734 5320 ut:
760 5265 892 5333 Quidquid
906 5276 998 5335 preter
1013 5267 1047 5335 pa

250 5338 308 5392 dem
321 5355 398 5394 rmum
411 5350 458 5402 est,
472 5339 596 5410 perfidia,
623 5353 674 5392 noa
687 5337 751 5407 pidet
766 5346 803 5391 est
827 5338 1046 5395 :consectarium

247 5418 289 5463 est
309 5411 390 5465 etiam
410 5411 525 5480 pritttaut
538 5408 734 5475 Sirmiensem,
757 5412 857 5479 qtrlppe
870 5421 932 5479 qttoe
944 5419 1043 5478 preter

247 5477 384 5535 Nicetiana
396 5489 447 5546 est,
460 5493 521 5537 esse
532 5477 680 5549 pertidiam.
697 5478 789 5605 depae
798 5479 986 5534 trreonsunttn
995 5493 1043 5535 ar·

248 5552 370 5621 guendus
383 5557 425 5608 est
436 5552 570 5619 llilartus,
590 5550 663 5623 quod
678 5563 737 5606 earn
759 5561 802 5605 ern
815 5548 877 5604 ildei
889 5547 1041 5607 eortiessio·

247 5636 309 5674 nent
322 5639 383 5678 carm
398 5624 532 5678 laudasset
544 5623 630 5687 alias,
646 5627 717 5677 bunc
732 5623 830 5676 acriter
843 5630 937 5691 carpat
949 5635 981 5675 ac
996 5633 1041 5679 te*

248 5694 409 5759 prebendat.
434 5695 555 5765 Nataque
580 5701 609 5746 nt
626 5691 747 5764 liiidignl
767 5700 829 5746 sunit
846 5691 944 5757 laude,
966 5694 1041 5762 quia

250 5762 321 5813 malo
334 5764 479 5829 recedant,
498 5761 536 5818 ita
550 5763 594 5832 abl
605 5778 620 5816 a
631 5760 703 5817 bano
719 5762 856 5826 deficiunt,
873 5764 969 5817 merito
980 5771 1043 5821 ειιιιι

243 5829 423 5900 vituperandi.
446 5834 482 5903 ,ιι
494 5843 559 5888 sero
569 5830 771 5902 Orieittalibus,
797 5831 893 5890 Filium
908 5845 941 5887 er
956 5832 1042 5900 tribuo

1113 3327 1179 3381 Crrm
1195 3330 1219 3381 in
1229 3344 1281 3383 ms.
1297 3329 1367 3385 Pitb.
1385 3344 1443 3401 post
1459 3331 1568 3385 verbani
1584 3330 1706 3396 suscepi,
1731 3345 1784 3386 nrm
1795 3331 1906 3387 codena-

1112 3413 1164 3466 otte
1174 3410 1301 3456 cnrutcntu
1316 3413 1456 3472 scortator,
1469 3401 1579 3457 Sanctus
1594 3399 1709 3455 lliicrius
1720 3403 1856 3456 nnatbeme
1867 3405 1906 3457 illi

1111 3470 1338 3525 cicumsedente
1350 3472 1395 3526 tibi
1408 3490 1423 3525 ιι
1436 3487 1487 3538 me,
1502 3482 1567 3539 etc,
1582 3473 1724 3537 opinamur
1741 3473 1798 3529 llaec
1812 3474 1905 3540 neclan,

1112 3540 1225 3595 Sanctus
1239 3540 1357 3597 Hilarius
1373 3544 1510 3597 anathema
1524 3543 1564 3597 illi
1586 3543 1648 3597 dicit
1664 3581 1672 3607 ,
1703 3545 1728 3598 in
1753 3545 1906 3614 antiquiore

1112 3611 1258 3681 exerraplnri
1271 3614 1305 3669 ad
1318 3614 1467 3684 marginem
1481 3613 1620 3669 dumtaxat
1634 3614 1769 3684 adscripta
1781 3630 1841 3672 esse
1853 3655 1860 3675 ,
1874 3631 1908 3672 ae

1112 3683 1283 3747 postmodum
1297 3685 1413 3756 imperiti
1427 3684 1539 3755 alicujus
1552 3684 1652 3739 librarii
1666 3699 1748 3756 opera
1760 3687 1786 3741 in
1804 3696 1906 3742 testium

1110 3752 1264 3823 irrepsisse.
1288 3751 1562 3826 exanimatione,
1580 3755 1607 3809 l⁰
1620 3770 1671 3810 non
1690 3767 1814 3813 serenatas
1843 3775 1905 3813 esse

1111 3823 1265 3894 lutjnsutntli
1278 3827 1512 3897 interpolationes,
1527 3826 1556 3880 ‘2⁰
1585 3827 1637 3896 iam
1655 3828 1689 3880 ab
1703 3830 1819 3896 antinnis
1835 3839 1904 3884 teru-

1112 3895 1223 3965 pnnbus
1239 3895 1368 3953 liilarium
1382 3914 1491 3962 earum,
1519 3897 1575 3952 into
1601 3897 1683 4023 turpis
1694 3896 1807 3968 hujusce
1821 3901 1906 3956 cnllc·

1110 3966 1208 4022 etienis
1220 3977 1359 4024 auctorem
1373 3969 1456 4024 luisse
1474 3969 1617 4024 creditum.
1662 3978 1773 4025 raeterca
1790 3969 1899 4027 lernea-

1111 4038 1215 4093 tissimn
1227 4039 1326 4095 Christi
1340 4039 1494 4096 Conlessori
1507 4041 1534 4093 in
1547 4038 1703 4108 bominem,
1723 4042 1769 4111 qui
1782 4043 1904 4112 pitantiis

1110 4108 1136 4163 in
1152 4123 1257 4164 surttma
1270 4109 1400 4167 Ecclesiae
1410 4111 1729 4187 dignitateeoustitutns,
1745 4101 1849 4168 bontra
1865 4123 1906 4167 ta·

1110 4195 1171 4234 meo
1183 4180 1224 4236 sni
1234 4196 1343 4237 cauum
1359 4184 1473 4250 trtrpiter
1483 4181 1645 4249 deseruerit,
1658 4184 1801 4239 anatliema
1813 4184 1905 4242 dicere

1109 4249 1219 4306 licuisse
1239 4255 1370 4322 Apostoin
1392 4263 1504 4309 auctore
1524 4252 1580 4323 jam
1603 4256 1785 4323 prabavimus.
1812 4255 1865 4312 Sed
1881 4255 1904 4312 >i

1110 4319 1179 4377 inme
1190 4324 1246 4378 lraec
1260 4323 1442 4380 additamenta
1459 4324 1560 4379 liilarin
1572 4333 1696 4381 nonsunt
1706 4326 1825 4397 indigna,
1841 4342 1904 4383 eum

1108 4394 1225 4463 primum
1241 4395 1340 4452 biberii
1352 4396 1456 4465 lapsum
1469 4395 1593 4460 rescirit;
1604 4396 1687 4452 nibilo
1703 4397 1834 4452 minusab
1845 4398 1904 4468 ipso

1108 4465 1216 4521 ridetur
1228 4466 1357 4532 alienum,
1372 4478 1401 4521 ut
1416 4482 1478 4523 curn
1489 4466 1541 4522 boc
1553 4482 1622 4538 opus
1632 4482 1709 4522 sunm
1725 4467 1832 4525 Liberin
1846 4471 1902 4539 pana

1108 4545 1232 4592 correcto
1247 4538 1273 4592 in
1287 4538 1423 4608 publicum
1436 4537 1575 4604 eruiserit,
1602 4555 1634 4595 ea
1651 4550 1706 4593 tum
1720 4556 1773 4595 uon
1788 4541 1904 4598 eraseris

1069 4638 1095 4700 D
1108 4621 1218 4675 prorsus
1231 4620 1312 4679 atque
1324 4611 1513 4679 suppresserit.

1146 4677 1185 4749 lb)
1204 4676 1233 4733 ln
1244 4695 1296 4735 ms.
1308 4680 1390 4736 sirm.
1402 4689 1432 4735 ut
1445 4688 1473 4736 ει
1483 4679 1554 4752 apud
1566 4681 1665 4736 Beroia.
1682 4678 1808 4738 irenaeus.
1834 4682 1903 4738 iira-

1107 4750 1193 4818 priris,
1209 4752 1256 4821 ani
1268 4761 1345 4807 antea
1361 4753 1514 4812 nominatur
1529 4793 1536 4819 ‚
1562 4752 1621 4822 ipse
1631 4752 1701 4807 iorte
1715 4761 1755 4809 est
1767 4752 1902 4809 blitilenes

1107 4819 1202 4903 insule
1215 4824 1368 4893 episeopus,
1380 4823 1425 4894 oui
1437 4824 1462 4877 in
1477 4824 1643 4880 seleuciensi
1655 4821 1758 4896 synodo
1786 4825 1821 4881 nb
1832 4826 1903 4883 dca-

1104 4894 1322 4961 mmmmm

1102 4960 1900 5112 ,iliiidumeusilists‘etsitstuilla

1101 5121 1145 5159 sss
1157 5107 1292 5179 episcopus
1303 5107 1389 5163 εδει.

1137 5175 1176 5248 (d)
1193 5178 1297 5248 ilemiss.
1313 5194 1363 5234 ιιιε.
1380 5179 1450 5250 apud
1464 5179 1567 5245 sirm..
1584 5165 1706 5250 llnrtius,
1718 5179 1895 5250 distendere.

1099 5244 1184 5302 blulto
1198 5249 1282 5320 magis
1292 5250 1394 5306 arridet
1408 5251 1468 5306 bec
1482 5250 1588 5306 Baronii
1600 5252 1696 5316 lectio,
1713 5249 1830 5321 ldarcus,
1844 5255 1896 5307 Ac·

1099 5317 1162 5384 tius,
1172 5316 1272 5384 Julius,
1287 5321 1435 5389 seponunt,
1451 5321 1619 5393 quiquidem
1634 5323 1705 5394 apud
1717 5320 1895 5395 Epiphaniam

1099 5390 1248 5459 sircurana
1259 5394 1355 5465 synodi
1368 5394 1514 5448 subscribit
1528 5393 1689 5461 epistolant
1698 5392 1894 5464 tnta-surana.

1099 5463 1298 5544 suintericus
1314 5474 1489 5533 recensetur,
1514 5481 1582 5536 qnos
1595 5463 1750 5522 Gerrraiuius
1771 5467 1894 5537 rescripti

1097 5543 1138 5584 sur
1154 5544 1230 5586 mrtm
1244 5539 1391 5605 nuncupat.

1131 5623 1166 5695 (c)
1181 5621 1319 5681 incudem
1334 5643 1385 5684 ms.
1400 5636 1424 5683 et
1443 5628 1529 5684 ested
1539 5630 1657 5702 juniores
1669 5615 1761 5701 puilss
1772 5631 1892 5698 credidit,

1096 5708 1184 5750 omnies
1211 5697 1335 5753 heretici.
1357 5699 1435 5766 Aprtrd
1463 5699 1561 5754 baron.
1582 5700 1761 5771 simpliciter,
1786 5712 1810 5755 ct
1835 5703 1892 5769 clii,

1096 5765 1204 5822 omissis
1212 5768 1327 5825 caeteris.
1344 5769 1371 5826 Ιιι
1382 5770 1454 5827 illius
1465 5779 1555 5827 autem
1567 5773 1717 5845 appendice
1728 5772 1761 5828 ad
1774 5773 1891 5841 an.sss,

1097 5849 1204 5902 rursum
1224 5841 1472 5921 eornparetiunior
1494 5844 1565 5914 inter
1588 5859 1635 5905 eos
1654 5844 1827 5916 treminstus,
1846 5844 1892 5926 qul
