4209 6250
120 4572 127 4576 -
210 4542 332 4600 locorum
343 4539 551 4614 intelligentiam
562 4536 664 4611 juverit
676 4534 745 4590 lrarrc
759 4529 899 4605 particulae
909 4545 943 4584 ea
955 4528 1009 4584 rim

202 293 239 351 ss
801 272 1225 337 osmannarausaau.
1827 275 1865 331 54

202 404 368 475 concedens,
390 416 446 459 non
463 414 498 458 ex
519 397 576 455 beo
593 392 744 463 bominem,
764 392 813 451 sed
837 407 872 450 ex
895 388 1046 454 bomineA
1059 389 1147 446 omnis
1159 388 1306 463 (ilsensus
1317 385 1441 445 incertus
1453 393 1506 445 est.
1514 383 1587 459 Ergo
1596 386 1801 460 nouprancptis
1814 387 1866 443 ali-

203 502 289 560 benm
300 495 439 572 prolerat;
450 505 541 565 neque
555 490 708 548 subsistens
716 494 796 545 antea
806 484 878 558 quod
889 485 915 541 in
929 482 1007 557 prin·
1059 481 1123 557 quid
1138 480 1292 539 addendum
1305 489 1358 550 εει,
1373 480 1422 538 sed
1432 480 1530 538 modus
1541 488 1584 538 est
1596 480 1802 538 constituendus
1816 496 1864 536 au·

207 594 280 666 cipio
292 590 364 665 apud
375 588 460 647 bearn
475 593 535 643 erat
546 583 620 641 beas
636 582 755 640 Verbum
776 580 854 653 rirgo
867 577 908 653 (ι)
919 590 1008 635 susce
1060 574 1144 632 dacia
1161 583 1211 631 :ut
1229 575 1291 647 quia
1310 573 1465 647 malignitas
1483 572 1613 630 instinctu
1631 572 1774 633 diabolica
1789 572 1864 631 lrau·

202 687 286 763 perit,
302 683 352 741 sed
374 696 485 739 carnem
511 676 636 752 genuerit
662 691 711 748 per
731 672 863 741 rerbum3
892 670 956 743 quia
980 669 1008 726 in
1060 667 1188 725 dulentiae
1210 668 1327 726 excitata
1351 670 1491 725 veritatem
1511 684 1602 726 rerum
1626 684 1676 742 per
1691 677 1797 725 natasse
1812 683 1863 724 nn-

204 781 297 839 Verbo
309 787 390 835 antea
404 774 515 848 (l),non
527 770 668 828 existentis
681 766 812 841 unigeniti
827 762 876 822 bei
884 772 1008 819 naturam
1059 763 1134 819 mina
1144 761 1247 830 eludit,
1261 777 1312 819 nos
1325 760 1367 836 (1)
1378 769 1504 819 naturam
1517 762 1657 819 numinum
1673 762 1863 834 proteramus3

204 875 287 942 dicat,
300 869 349 928 sed
364 883 460 926 sonum
473 866 549 923 rocis
560 865 683 921 elatum:
699 872 729 917 ut
746 860 829 932 aliqui
840 856 922 929 liujus
936 868 1008 911 nunc
1060 864 1089 912 et
1102 854 1192 923 editis,
1208 864 1288 926 prout
1300 857 1327 911 in
1341 856 1432 912 verbis
1446 855 1622 926 babebimus,
1635 855 1768 929 dignitate
1783 865 1864 926 atqua

205 967 335 1041 temporis
347 962 553 1037 predicatores,
566 958 612 1032 qui
624 972 658 1014 ex
669 954 754 1012 nihilo
764 961 871 1026 atquae
886 961 1009 1022 tempore
1061 947 1151 1005 cilicio
1165 948 1272 1018 Patris,
1288 948 1371 1016 Filii,
1388 948 1505 1021 Spiritus
1517 948 1616 1017 sancti,
1632 964 1687 1005 non
1702 948 1865 1004 lrustrcntur

206 1062 321 1121 lnrmam
334 1067 362 1115 ει
371 1056 532 1129 sapientiam
547 1062 575 1108 et
587 1050 714 1107 virtutem
729 1047 778 1105 Dei
793 1043 962 1119 provehunt:
974 1057 1008 1099 ne
1060 1052 1164 1100 naturae
1182 1044 1395 1115 proprietatibus
1412 1044 1542 1114 nomina,
1558 1043 1605 1100 sed
1620 1044 1691 1100 intra
1710 1052 1814 1099 naturas
1829 1045 1868 1098 si⁴

205 1155 230 1212 si
244 1169 278 1210 cx
290 1153 370 1208 Patre
384 1149 420 1206 sit
433 1146 528 1214 Filius,
543 1144 615 1202 Deus
629 1142 665 1198 sit
675 1140 837 1197 imminutus
848 1137 874 1193 iu
888 1135 1006 1202 rutum
1060 1136 1259 1209 gnillcationem
1284 1137 1439 1193 nominibus
1462 1145 1630 1194 coartentur.
1645 1136 1679 1193 Et
1694 1136 1787 1193 nescio
1801 1135 1866 1206 quid

206 1248 314 1308 solliciti
333 1244 460 1311 nimium,
474 1258 509 1299 ne
519 1241 627 1299 Patrem
649 1237 735 1294 Filius
748 1234 783 1292 ab
796 1249 830 1291 co
854 1241 932 1289 uatus
945 1244 1009 1287 era·
1060 1226 1095 1284 ds
1114 1227 1156 1283 bis
1174 1229 1256 1285 rebus
1270 1228 1348 1285 aliter
1367 1229 1549 1286 sentientibus
1562 1228 1647 1284 animi
1661 1228 1707 1290 sit,
1721 1229 1864 1285 raritatem

206 1353 269 1404 cuet
284 1362 292 1400 ε
306 1351 387 1415 atque
402 1338 506 1396 idcirco
517 1337 574 1393 beo
587 1335 614 1391 in
625 1332 671 1389 nttt
682 1331 823 1388 creatione
834 1324 1006 1393 subveniant,
1060 1322 1306 1393 corrumpentibus,
1323 1322 1450 1378 tenebras
1465 1322 1506 1395 (ι)
1519 1322 1574 1379 luci
1588 1321 1777 1390 intercutibus,
1794 1319 1867 1377 inse·

205 1454 267 1495 eum
282 1453 315 1494 cx
327 1450 382 1491 nou
393 1423 766 1497 exstantibuscomparando,
779 1431 809 1477 ut
819 1421 891 1477 intra
904 1427 1008 1474 natura
1060 1413 1157 1470 cubilia
1172 1413 1379 1484 desecantibus,
1394 1414 1551 1486 incorrupta
1576 1415 1779 1481 scindentibus,
1795 1414 1867 1471 indi-

205 1548 261 1591 sure
272 1528 471 1604 perlectionem
492 1524 583 1589 Pater,
601 1518 663 1593 quia
685 1517 751 1575 nihil
776 1531 810 1573 ex
828 1530 861 1571 eo
879 1513 914 1570 sit
933 1510 1008 1584 geni·
1061 1507 1117 1562 risa
1129 1506 1318 1578 partientibus.
1337 1505 1376 1579 (p)
1390 1508 1494 1577 Quibus
1515 1507 1540 1565 si
1563 1507 1604 1582 (5)
1617 1518 1721 1564 tantum
1741 1506 1867 1564 laetula·

205 1638 273 1694 tum,
285 1629 453 1698 perseveret.
469 1619 528 1678 tam
536 1633 602 1675 rern
616 1614 681 1689 quid
694 1616 804 1682 mirum,
819 1620 850 1668 ut
860 1610 896 1667 de
905 1609 1009 1683 Spiritu
1061 1602 1113 1657 cite
1134 1611 1176 1657 est
1199 1601 1321 1673 perlecta
1340 1616 1525 1673 concerpere,
1537 1602 1583 1673 jus
1601 1617 1705 1674 ponere
1725 1600 1863 1674 potestati,

206 1728 300 1779 sancto
324 1717 432 1774 diuersa
456 1711 494 1786 (ι)
518 1711 647 1777 sentiant,
673 1707 720 1780 qui
743 1705 770 1762 iu
797 1705 926 1777 largitore
949 1701 1008 1773 ejus
1060 1694 1170 1751 modum
1193 1695 1417 1751 circumscribere
1434 1694 1541 1751 inssnito
1557 1713 1565 1751 a
1581 1693 1648 1752 mihi
1662 1703 1736 1752 certe
1756 1696 1799 1751 bis
1821 1710 1867 1751 re·

209 1815 334 1883 creando,
349 1823 378 1869 et
391 1807 569 1876 demutando,
595 1814 623 1862 ct
644 1800 779 1861 abolendo
794 1808 849 1857 tam
873 1796 1009 1855 temerarii
1024 1798 1049 1860 Β
1063 1786 1206 1859 spondenti
1219 1787 1246 1843 in
1260 1788 1334 1843 curis
1349 1795 1432 1844 aestus
1442 1796 1495 1856 est,
1505 1789 1622 1844 insensu
1636 1788 1711 1844 labes
1725 1785 1758 1861 (l.
1775 1787 1866 1859 tabes)

204 1910 261 1967 sint
272 1904 417 1964 auctorest
428 1912 510 1974 atque
525 1899 560 1957 ita
575 1896 724 1954 dissolvant
739 1892 852 1966 perlecti
866 1890 947 1962 bajus
965 1905 1010 1946 sa·
1060 1893 1114 1951 est,
1132 1882 1159 1939 in
1184 1881 1361 1953 intelligentia
1381 1889 1476 1954 stupor
1498 1892 1559 1949 est;
1575 1882 1602 1937 in
1625 1895 1753 1938 sermone
1773 1889 1865 1936 autem

203 2000 336 2061 ammenti
352 1997 506 2062 raritatem,
518 1988 631 2065 dum(d)
643 1984 1009 2047 substantiasdirersitntum
1061 1994 1115 2035 nou
1133 1978 1191 2050 jam
1213 1976 1412 2043 infirmitatem,
1427 1975 1475 2032 sed
1498 1975 1635 2033 silentium
1654 1973 1866 2031 conlabentis
1929 1968 1940 1981 “

203 2095 231 2153 iu
255 2093 336 2151 rebus
351 2100 405 2148 tam
431 2085 623 2145 ccurmunibus
637 2082 785 2140 moliuntur
800 2099 807 2135 r
832 2079 941 2135 Patrem
962 2091 1010 2132 ue·
1061 2080 1137 2129 certe
1151 2070 1218 2127 milri
1229 2078 1406 2144 extorquetur
1417 2069 1469 2126 boc
1479 2068 1560 2137 velle,
1571 2067 1636 2125 dum
1651 2075 1680 2125 et
1692 2067 1812 2124 audacias
1825 2083 1867 2124 rc·

203 2185 304 2263 gando,
320 2184 383 2241 dnm
395 2182 465 2240 Filio
477 2179 550 2253 quod
569 2186 611 2235 est
626 2176 698 2232 lllius
711 2173 854 2239 adimunt;
878 2169 1008 2242 Spiritum
1061 2167 1181 2233 sistitur,
1196 2174 1223 2221 ct
1235 2165 1322 2221 errori
1337 2164 1503 2232 consulitur,
1516 2173 1546 2220 ει
1565 2163 1725 2236 ignorantiae
1738 2162 1865 2233 prouide-

203 2287 327 2338 sanctum
341 2277 383 2351 (1)
397 2273 521 2347 negando
537 2270 584 2346 (ε),
601 2270 666 2326 dum
679 2279 706 2325 ει
716 2283 795 2324 usum
818 2276 846 2323 et
863 2274 1008 2321 auctorem
1060 2269 1115 2317 tar.
1131 2260 1295 2317 Immensum
1315 2267 1358 2316 est
1376 2267 1471 2316 autem
1486 2257 1558 2331 quod
1570 2258 1697 2331 exigitur,
1713 2257 1866 2330 incompre-

204 2368 456 2447 eJnsignnrant.lta
468 2375 497 2424 et
505 2364 647 2437 imperitos
657 2361 785 2435 perdunt,
796 2359 860 2417 darm
872 2359 1008 2415 rationem
1061 2351 1195 2410 bensibile
1215 2363 1257 2408 est
1279 2351 1352 2424 quod
1372 2351 1504 2419 audetur;
1520 2361 1549 2408 ut
1571 2351 1641 2407 ultra
1655 2351 1863 2423 prefinitionear

203 2461 406 2539 predicationis
430 2457 511 2530 buius
525 2455 679 2523 affirmant;
696 2461 725 2510 et
738 2450 880 2509 audientes
900 2449 1007 2517 lallunt,
1061 2448 1121 2514 Dei,
1137 2462 1227 2503 sermo
1247 2446 1282 2503 de
1301 2447 1358 2503 beo
1371 2447 1417 2503 sit.
1430 2445 1526 2502 Posuit
1546 2453 1649 2501 natruae
1670 2445 1781 2502 uomina
1793 2485 1801 2512 ,
1815 2443 1867 2500 Pa·

204 2558 269 2615 dum
284 2564 409 2613 naturam
419 2549 577 2608 nominibus
591 2546 724 2614 adimunt,
739 2546 802 2619 quia
828 2542 937 2601 nomina
953 2557 1007 2598 nou
1061 2550 1148 2610 uem,
1164 2540 1279 2608 Filium,
1295 2540 1427 2613 Spiritum
1451 2549 1588 2596 sanctum.
1609 2537 1694 2595 Extra
1708 2537 1864 2610 significau-

204 2645 435 2724 possuntanlerre
448 2653 561 2701 nature.
574 2637 757 2696 Praetermitto
772 2635 875 2708 reliqua
895 2634 1006 2690 humaui
1061 2637 1126 2692 tiam
1150 2633 1286 2691 sermonis
1305 2642 1359 2700 εει,
1372 2641 1450 2689 extra
1470 2646 1567 2688 sensus
1582 2630 1771 2699 intentionem,
1787 2638 1864 2685 extra

204 2748 319 2823 periculi
330 2746 452 2810 nomina,
464 2740 633 2807 Valentinos,
648 2733 832 2803 Marcionitas,
845 2732 1007 2789 blanichaeos
1060 2726 1247 2800 intelligentie
1257 2726 1476 2798 conceptionem,
1489 2721 1619 2796 quidquid
1631 2722 1702 2779 ultra
1715 2720 1754 2796 (6)
1766 2720 1865 2795 quaeri-

205 2850 352 2919 pestesque
364 2848 487 2902 caeteras,
506 2848 566 2906 qus
579 2828 716 2886 interdum
728 2826 914 2900 imperitorum
932 2839 1008 2881 men·
1060 2833 1174 2891 tur,nou
1190 2819 1355 2885 enuntiatur,
1370 2833 1424 2875 nou
1434 2817 1585 2889 attingitur,
1596 2830 1652 2872 nou
1663 2822 1781 2871 tenetur.
1796 2814 1864 2870 Ver·
1948 2788 1956 2805 κ

206 2949 248 2997 tes
261 2941 405 3006 occupant,
421 2939 449 2987 et
462 2928 523 3000 ipso
535 2923 660 2996 contagio
674 2919 951 2994 conrersationisffl
965 2919 1008 2974 in·
1059 2917 1155 2974 borum
1170 2909 1376 2984 significantiam
1390 2911 1429 2967 rei
1444 2908 1631 2980 ipsiusnatnra
1646 2906 1794 2975 consumit,
1802 2921 1866 2965 sen-

206 3031 301 3089 ficium
315 3046 323 3084 r
336 3027 419 3098 litque
433 3020 554 3080 omnium
567 3018 625 3075 lues
640 3031 704 3083 una,
719 3013 783 3070 dum
798 3013 824 3069 in
839 3002 1006 3069 audientium
1059 3024 1106 3068 sus
1117 3007 1375 3077 contemplationem
1390 3004 1614 3077 imperspicabile
1625 3002 1717 3060 lumen
1734 3001 1864 3067 obcaecat,

205 3140 315 3185 sensum
330 3116 533 3194 praedicantium
548 3112 658 3171 morbus
673 3108 832 3167 intenditur.
1060 3103 1244 3176 intelligentiae
1256 3101 1312 3178 30
1322 3099 1498 3173 capacitatem
1511 3094 1642 3171 quidquid
1655 3095 1709 3152 llse
1719 3093 1866 3158 uallncou·

241 3218 268 3276 5.
284 3215 427 3274 Dedininis
443 3226 586 3269 sermonem
599 3224 677 3281 quam
689 3221 756 3279 repre
766 3221 796 3261 or
806 3213 915 3260 tressera
929 3201 1043 3266 iusti-C
1060 3199 1162 3255 tinctus
1179 3195 1297 3253 excedit.
1318 3193 1371 3250 Sed
1394 3207 1445 3249 nos
1466 3189 1638 3248 necessitatis
1660 3187 1742 3259 hujus
1754 3186 1789 3242 ab
1810 3197 1863 3252 ee,

204 3323 259 3372 ιιιι
273 3312 402 3368 Hilarius.
417 3338 454 3352 -
467 3306 570 3363 Horum
588 3303 670 3375 igitar
688 3299 836 3356 inildelitas
857 3299 886 3355 in
908 3313 1009 3370 mceps
1061 3291 1108 3363 qui
1121 3293 1180 3346 bac
1192 3286 1283 3344 omnia
1293 3293 1353 3355 est,
1367 3285 1473 3341 reniam
1486 3283 1676 3354 deprecantes,
1691 3278 1862 3347 audebimus,

204 3421 255 3464 nos
274 3405 309 3479 (l)
320 3418 352 3460 ac
365 3399 515 3474 periculum
530 3395 673 3469 protrahit,
689 3403 719 3450 nt
732 3406 844 3448 necesse
858 3391 894 3448 sit
904 3391 938 3451 de
948 3398 1009 3447 tan·
1062 3398 1232 3457 queremus,
1246 3382 1389 3451 loquemur
1404 3383 1471 3446 :et,
1485 3375 1557 3448 quod
1580 3373 1668 3430 solum
1688 3372 1716 3429 iu
1732 3381 1805 3428 tanta
1820 3384 1865 3426 re·

205 3501 240 3556 tis
250 3513 282 3555 ac
296 3507 351 3553 tam
367 3491 515 3551 reconditis
528 3489 609 3546 rebus
623 3485 724 3559 aliquid
736 3485 806 3541 ultra
820 3486 1007 3557 praescriptum
1062 3495 1121 3536 rum
1137 3477 1286 3550 quastione
1298 3471 1491 3547 promittimus,
1502 3486 1535 3528 ea
1548 3483 1609 3543 quae
1619 3476 1700 3526 erunt
1712 3465 1862 3539 signttcata

206 3593 316 3651 coeleste
328 3588 461 3664 prolerre.
478 3585 588 3642 Dixerat
602 3583 731 3639 Dominus
753 3579 928 3652 baptizandas
941 3594 1008 3653 gen·
1061 3572 1215 3632 credemus.

206 3695 265 3754 tex,
289 3682 323 3739 ln
343 3680 448 3738 nomine
472 3676 562 3734 Patris
586 3684 610 3732 et
634 3672 700 3730 Filii
723 3683 749 3729 et
773 3670 887 3746 Spiritus
912 3672 1005 3728 sancti.
1098 3666 1126 3724 6.
1145 3664 1232 3722 Patris
1250 3664 1375 3721 mtto.-
1389 3662 1470 3719 Pater
1490 3665 1551 3725 est,
1565 3671 1600 3714 ex
1616 3668 1671 3727 quo
1689 3666 1770 3709 omne
1789 3649 1863 3722 quud

205 3777 229 3840 1³
230 3791 304 3840 orme
318 3773 382 3834 lidei
396 3777 470 3831 certa
481 3777 524 3830 est
544 3784 552 3824 :
572 3766 620 3827 sed
646 3773 778 3840 quantum
805 3764 840 3821 ad
863 3764 1008 3824 haereticos
1062 3771 1105 3822 est
1118 3761 1161 3836 (1)
1176 3757 1300 3818 constitit
1313 3755 1364 3832 (b).
1379 3755 1481 3829 ipsein
1500 3750 1609 3811 Christo
1622 3757 1651 3807 et
1663 3761 1713 3821 per
1724 3743 1863 3802 Christum

257 3919 268 3973 1
302 3915 459 3974 timueras.
1151 3903 1235 3961 Abest
1249 3908 1358 3957 ιιειιιει.

252 3989 271 4050 2
296 3989 403 4046 01111168.
1108 3977 1125 4033 6
1158 3976 1303 4043 onmem·

254 3916 411 4208 {Naturae
423 4057 567 4117 nominant.
1096 3905 1126 4122 11
1153 4047 1286 4104 Consistit.

243 4133 271 4210 (t
301 4131 418 4192 numer.

209 4271 275 4314 mss.
289 4255 353 4312 Vat.
368 4253 427 4310 bas.
438 4252 530 4322 colb,
545 4249 640 4319 carn,
661 4256 714 4305 etc.
731 4244 834 4302 beinde
856 4242 934 4312 illud,
956 4258 1009 4299 aon
1063 4236 1139 4296 Unus
1153 4232 1199 4288 ille
1212 4224 1412 4286 locusidonens
1422 4229 1465 4279 est
1477 4221 1697 4301 evincerenquam
1709 4209 1861 4297 indubitata

209 4326 454 4393 aeabatarnas,
476 4334 543 4391 etc,
558 4323 586 4380 id
605 4330 657 4388 est,
685 4317 755 4376 nolit
773 4315 924 4382 Christum,
947 4330 1009 4371 cum
1062 4305 1166 4366 llilario
1179 4299 1356 4359 lueritPatris
1370 4304 1399 4353 et
1411 4293 1473 4351 Filii
1499 4300 1527 4350 et
1545 4290 1663 4361 Spiritus
1686 4293 1773 4342 ειεειι
1794 4299 1862 4339 cun·

210 4399 284 4472 prius
306 4398 377 4454 licus
402 4405 484 4464 essct,
501 4395 600 4451 lactum
614 4406 675 4449 esse
689 4389 839 4454 bominem,
854 4385 902 4442 sed
918 4393 1019 4455 postca
1063 4375 1288 4441 substantialitas,
1312 4385 1373 4426 curn
1404 4375 1497 4437 aperte
1521 4368 1631 4433 respuat
1651 4355 1862 4413 substantiarum

210 4486 289 4542 quam
306 4467 392 4525 lactus
412 4476 454 4524 est
476 4469 567 4534 laomo,
592 4465 711 4522 erasisse
724 4461 819 4518 Deum.
836 4457 877 4513 nd
893 4457 1009 4529 plurium
1064 4448 1234 4507 diversitates
1245 4444 1272 4499 in
1283 4442 1369 4516 tribus
1382 4439 1465 4495 rebus
1477 4433 1627 4517 substantia
1643 4439 1697 4513 tam
1712 4426 1863 4509 communi-

1065 4522 1126 4577 bus.
1143 4517 1220 4574 Unde
1235 4523 1262 4569 ct
1277 4511 1345 4567 inlra
1360 4525 1433 4564 num.
1450 4509 1477 4574 5,
1496 4505 1575 4560 alnes
1588 4508 1739 4557 sentientes
1755 4513 1796 4554 src
1812 4497 1862 4552 ba-

210 4625 351 4672 annotare.
1023 4564 1119 4660 l)bet,
1135 4597 1166 4646 ut
1176 4587 1222 4659 qui
1247 4582 1373 4640 tenebras
1387 4580 1439 4634 luci
1454 4575 1591 4640 inierant,
1606 4569 1764 4627 insecabilia
1783 4568 1862 4624 dese-

246 4684 286 4759 (rr)
307 4684 379 4740 Edit.
403 4684 432 4740 in
453 4699 530 4739 carne
553 4679 703 4753 susceperit.
725 4675 897 4747 Expnnctum
922 4673 1010 4729 estin
1062 4673 1136 4732 cent,
1151 4662 1305 4725 incorrupta
1317 4651 1451 4716 scindant,
1466 4646 1577 4701 indivisa
1592 4643 1753 4714 partiantur.

211 4773 289 4813 carae
299 4756 460 4813 arroteritate
473 4769 540 4810 mss.
1099 4735 1135 4810 (e)
1155 4733 1201 4789 Sic
1215 4727 1378 4784 vetustiores
1392 4736 1458 4778 mss.
1471 4719 1529 4774 bas.
1545 4714 1620 4781 ilat,
1635 4710 1727 4777 Colb,
1736 4710 1861 4776 Comus,

261 4827 288 4902 b)
307 4820 848 4900 Supple,manliae-iaperaeritearrem.
862 4817 1012 4882 liocporro
1063 4818 1117 4866 etc.
1141 4805 1177 4861 At
1189 4799 1272 4880 cors.
1292 4806 1319 4854 ει
1338 4793 1503 4877 recentiores
1528 4803 1590 4843 cum
1615 4784 1729 4854 vulgatis
1743 4782 1799 4845 lric.
1814 4796 1863 4862 pro

213 4901 262 4957 aibr
276 4900 343 4965 rult,
358 4899 505 4958 Hebionem
525 4894 595 4952 aubi
618 4896 739 4959 nomine,
758 4899 820 4946 ante
833 4903 913 4961 quarn
927 4887 1011 4942 blaria
1064 4876 1193 4954 negando,
1208 4871 1338 4928 exlnbent
1360 4861 1507 4950 nesciendo.
1529 4859 1587 4941 Non
1603 4856 1748 4937 obscurum
1763 4863 1805 4909 est
1819 4845 1865 4907 m-

213 4972 347 5045 genuerit,
372 4970 523 5042 intelligere
549 4974 690 5023 externum
715 4962 790 5018 rucis
816 4974 929 5024 sonum,
958 4973 1011 5012 rrnn
1064 4951 1128 5007 lium
1152 4946 1373 5026 Spiritussanctr
1397 4944 1536 5020 auctorem
1563 4931 1606 4984 bre
1632 4941 1735 5009 uocari,
1763 4939 1865 4993 eosque

214 5042 356 5101 existentis
377 5057 426 5099 seu
448 5038 622 5098 subsistentis
648 5034 777 5108 unigeniti
804 5033 851 5087 bei
877 5037 1010 5085 rrrttnrarn.
1066 5023 1184 5093 Spiritus
1199 5023 1284 5072 sancti
1305 5026 1392 5070 nsum.
1419 5008 1445 5065 sd
1466 5010 1520 5071 est,
1540 5010 1708 5059 consortium
1727 5009 1862 5067 ignorare,

215 5116 284 5173 ilinc
294 5114 396 5171 rectius
410 5128 471 5170 cum
485 5126 551 5167 mss.
565 5119 642 5165 antea
656 5123 719 5175 aon,
732 5119 812 5178 quam
822 5117 883 5159 cum
896 5100 1012 5172 vulgatis
1066 5096 1111 5165 qni
1128 5093 1224 5148 Filium
1239 5088 1373 5154 ignorant,
1385 5096 1401 5136 a
1411 5094 1465 5150 qun
1478 5077 1523 5132 illc
1532 5083 1574 5132 est
1584 5085 1617 5127 ac
1626 5069 1705 5125 nobis
1718 5067 1808 5124 datur.

214 5196 352 5244 amantea
367 5185 411 5241 bie
428 5185 520 5257 legere
535 5190 588 5239 εει.
1101 5162 1136 5234 (tl
1152 5158 1282 5217 Particula
1294 5172 1323 5212 nc
1337 5152 1485 5210 restituitur
1494 5164 1529 5204 ex
1543 5159 1611 5203 nrss.

251 5259 287 5329 (ε)
305 5257 378 5314 Editi
392 5272 428 5313 ax
445 5256 525 5311 unico
545 5251 697 5310 recentiora
721 5263 774 5304 ms.
799 5245 888 5311 boto,
912 5244 1012 5298 utra-sc
1103 5235 1143 5308 (bl
1159 5229 1363 5286 Reccrrtiorms.
1374 5213 1637 5306 ‘colb-glossematis
1651 5211 1776 5280 loedstus,
1793 5217 1867 5267 etex

216 5348 284 5390 naas
297 5331 418 5386 sentiant.
430 5328 490 5386 urs
506 5326 586 5391 bad„
603 5323 651 5382 Er.
667 5330 695 5378 et
708 5320 783 5390 Lipx.
798 5334 834 5388 ex
847 5315 942 5373 eodem
959 5330 1013 5370 ms.
1066 5323 1100 5364 en
1122 5304 1189 5361 bad.
1211 5311 1239 5358 ει
1255 5300 1316 5356 Ee:
1329 5297 1427 5377 meus
1441 5309 1464 5348 ss
1479 5296 1550 5364 sactu
1564 5285 1730 5367 postuasset,
1745 5290 1868 5365 cuperent

254 5404 300 5458 't'n
320 5398 514 5474 turpioraque
527 5406 552 5452 et
565 5405 669 5454 ιιιειιιε
689 5390 809 5457 creando,
836 5396 890 5446 etr.
914 5387 1012 5443 Filium
1069 5379 1183 5451 perlecta
1206 5384 1368 5438 concepere.
1383 5366 1500 5447 lapset
1521 5362 1594 5418 Pan:
1612 5355 1711 5422 Qorbus
1734 5355 1810 5438 [aute
1830 5363 1870 5410 est

216 5420 614 5542 ffirtrussanutaserormsn
627 5460 1014 5524 llilarinrocarioertinsmox
1088 5450 1182 5519 electa
1204 5457 1355 5511 coruerperc
1375 5454 1385 5494 .·
1406 5444 1570 5504 castigantur
1603 5443 1639 5484 ex
1663 5438 1768 5485 cacteris
1796 5439 1866 5481 mss.

218 5562 249 5605 ex
261 5558 400 5603 consensa
412 5543 533 5600 omnium
546 5541 604 5595 sire
628 5537 794 5606 scriptarum⁴
808 5532 866 5589 sire
880 5529 1013 5587 editorum
1110 5523 1115 5532 ’
1137 5520 1172 5575 de
1191 5530 1240 5588 pro
1249 5517 1296 5588 jus
1310 5525 1414 5584 ponne,
1428 5503 1521 5562 babet.
1536 5502 1598 5560 ilat.
1613 5499 1673 5557 bas.
1688 5498 1774 5556 codex
1788 5496 1867 5568 βιειι

218 5607 783 5676 mdicnmtrabettmna.ltarcdeArtsrts,
802 5621 855 5660 non
873 5602 908 5658 dc
929 5601 1017 5657 ilaec·
1068 5608 1173 5666 ponere.
1381 5651 1410 5664 ..
1501 5647 1541 5661 Η
1657 5645 1663 5658 .

219 5687 344 5747 douiauis
356 5687 412 5742 dici
423 5682 592 5744 ostendimus
606 5682 633 5738 in
645 5677 844 5736 Admonitione.
1106 5663 1147 5738 (tr)
1158 5662 1203 5717 Sic
1215 5673 1293 5720 ntes..
1309 5663 1337 5710 at
1346 5652 1422 5717 edrtr,
1437 5656 1562 5706 consistit.
1573 5644 1641 5702 Tum
1656 5660 1683 5700 ru
1701 5649 1809 5723 retnstn
1821 5653 1869 5695 eo·

256 5759 295 5835 (tl)
316 5758 406 5816 biallet
427 5758 488 5829 quis
513 5753 717 5810 mbstmstinruns
746 5749 904 5806 dirersitates
933 5760 943 5799 .·
968 5741 1018 5800 sed
1069 5738 1131 5796 dice
1146 5730 1262 5802 Reisig,
1276 5727 1337 5799 lpse
1348 5725 1375 5781 s'rr
1385 5721 1486 5780 Cbristn
1498 5727 1521 5776 et
1531 5735 1576 5792 per
1590 5717 1728 5789 Spiritum:
1737 5712 1811 5769 Patra
1820 5725 1871 5766 au-

222 5833 300 5909 plura
312 5829 468 5905 hujusmodi
479 5837 621 5902 troporum
633 5820 757 5898 exempla
770 5820 827 5894 jam
842 5815 1017 5880 advertimus.
1071 5819 1126 5867 tem
1148 5802 1291 5881 proprium
1309 5807 1352 5856 est
1371 5810 1432 5854 essc
1444 5794 1576 5868 originem
1590 5789 1721 5857 omnium,
1735 5783 1813 5860 quod,
1828 5783 1871 5840 in·
