4209 6250
139 330 192 385 'ttts
619 329 668 387 EX
681 329 798 387 OPERE
817 327 1000 387 tttstotttco
1018 328 1260 387 FRAGMENTUM
1279 329 1314 384 X.
1736 325 1790 385 too

138 463 230 502 rnearc
247 445 317 501 datis
337 444 434 501 litteris
453 445 491 517 (ιι)
510 443 544 501 ad
556 462 583 502 ι.
599 462 626 503 ι.
649 447 804 517 proiectum
817 427 976 518 praetorii'A
990 453 1025 502 tua
1040 446 1185 516 impietatis
1200 444 1332 502 etttcerer.
1348 443 1382 498 Ει
1396 456 1556 512 quarrrqnam
1570 441 1608 515 (p)
1620 456 1673 497 non
1684 456 1793 499 cessare

138 537 257 593 Taurum
271 552 277 589 :
292 536 354 607 qnia
368 546 395 592 et
412 550 472 602 uos,
489 538 515 593 iu
531 538 723 607 praedicatione
737 539 855 595 nominis
877 539 935 606 liei,
989 554 1038 595 vos
1051 540 1222 603 arbitremur,
1240 552 1295 593 oon
1306 538 1365 592 aloe
1377 536 1457 592 totirrs
1469 536 1566 608 synodi
1594 537 1705 606 legatis,
1731 536 1789 607 epi·
1838 579 1842 589 ,

137 628 320 685 Orientalibus
333 638 361 683 et
376 637 430 685 tuac
447 629 618 701 dispositioni
641 631 748 702 plenum
771 631 938 688 reddidimus
990 646 1134 703 scaporum
1143 631 1244 686 scilicet
1252 645 1364 686 numero
1375 630 1430 685 iere
1441 630 1526 685 rnrrlto
1538 629 1655 699 amplius
1667 639 1790 696 centurn,

138 723 309 793 obsequium.
324 721 353 778 lo
368 720 405 795 (b)
427 722 477 778 bac
494 738 533 791 re,
548 723 575 780 in
590 739 643 795 qna
660 738 769 796 semper
789 725 934 793 tenuimus,
989 738 1161 796 nuncusque
1176 724 1297 793 ingressu
1315 721 1396 794 bujns
1408 722 1532 778 ecclesiae
1542 723 1792 794 nosmetipsosabs·

135 819 192 889 jam
207 816 241 873 ad
254 826 362 873 uestras
373 815 466 886 plebes
478 816 568 873 redire
580 817 722 875 debemus.
734 819 773 876 lle
783 818 834 876 bac
845 829 936 876 autem
989 816 1077 872 tinere
1099 834 1106 870 ε
1121 816 1157 872 ob
1168 815 1240 888 quod
1261 814 1408 871 instructos
1418 815 1499 871 etiam
1514 830 1563 871 ros
1576 829 1637 872 esse
1652 816 1791 885 volumus,

139 927 169 968 re
184 909 218 966 ad
231 908 377 979 episcopos
390 918 501 966 nostros
513 909 666 966 orientales
682 912 786 968 litteras
800 911 935 977 dedimus,
988 925 1023 966 ne
1037 911 1144 980 penitus
1164 908 1309 965 dominans
1329 909 1383 981 jam
1399 910 1467 965 intra
1478 907 1562 982 oelg
1575 910 1722 966 Ecclesiam
1737 911 1793 966 lrae-

138 1013 169 1059 ut
180 1003 267 1059 sciant
282 1001 334 1059 boc
348 1016 456 1072 semper
469 1002 582 1073 (supple,
596 1004 657 1073 nos)
673 1005 804 1070 terruisse,
818 1005 900 1079 693
910 1015 938 1062 et
989 1001 1059 1057 cesis
1074 1001 1232 1067 invalescat,
1242 1017 1302 1072 qoae
1310 1000 1792 1058 DominumninstrumlesumClrris·

139 1094 168 1151 in
182 1093 237 1151 sule
253 1094 386 1150 catholica
401 1109 463 1149 cnm
477 1094 542 1163 ipsis
555 1110 725 1167 permanere.
744 1097 836 1154 btntna
852 1100 938 1168 pietas
989 1101 1047 1148 tum
1062 1108 1126 1148 tere
1139 1091 1223 1147 lilium
1239 1092 1286 1147 Dei
1298 1092 1475 1163 unigenitum,
1490 1091 1573 1147 Deum
1590 1093 1624 1149 de
1639 1091 1702 1159 beo,
1720 1092 1792 1148 Patri

139 1199 166 1246 te
179 1188 405 1260 gloriosissimum
420 1203 529 1259 semper
542 1188 680 1259 elabique
695 1205 742 1259 per
752 1190 842 1246 omnin
858 1192 939 1248 iacias
987 1184 1106 1242 similem
1121 1199 1186 1241 ausa
1210 1194 1252 1240 est
1266 1184 1418 1255 derregare:
1436 1184 1471 1240 ita
1488 1184 1529 1258 (lit
1548 1193 1576 1240 ot
1589 1200 1649 1255 quae
1661 1183 1793 1256 praedica·

138 1283 275 1341 vindicem
297 1280 344 1355 (un
364 1280 536 1352 victorcrnll,
549 1282 659 1339 domine
677 1282 797 1354 piissime
818 1287 937 1356 impera.
992 1277 1080 1333 tiones
1093 1276 1268 1345 btasptremtn
1280 1278 1315 1333 de
1328 1277 1466 1347 unigenito
1481 1276 1538 1332 Deo
1550 1289 1577 1333 et
1593 1278 1746 1335 sentiantur
1758 1279 1793 1336 ab

139 1385 193 1432 tor.
208 1374 335 1448 Explicit.
727 1400 730 1407 »
988 1370 1047 1440 bis,
1067 1381 1095 1428 et
1116 1372 1315 1441 predicentur,
1339 1371 1475 1441 cognitum
1500 1369 1647 1428 haberetis.
1674 1371 1741 1427 llam
1764 1379 1793 1428 et

533 1512 558 1569 x
577 1515 662 1586 <o
675 1532 683 1570 ι
697 1514 799 1588 uo
988 1461 1791 1630 lllllittlrlllntlnttnlnl

139 1643 284 1685 fflffl‘ffl
307 1626 342 1699 (θ)
366 1643 500 1685 *³⁹¹⁵T0ffl
525 1644 708 1687 ⁰¹¹¹⁸N¹ll¹⁰l¹
733 1648 936 1699 FP¹SC⁰P⁰⁸¹³¹2
989 1650 1204 1707 sissintenolnit.
1227 1652 1311 1707 Dolus
1324 1660 1498 1708 autemnttnc
1513 1651 1561 1723 (et.
1578 1651 1633 1725 iric)
1655 1668 1792 1724 praepara·

202 1738 274 1789 putu
290 1736 417 1779 Rsslfflislfl
429 1739 462 1777 ΑΒ
476 1738 586 1779 llifflllffl
600 1739 712 1781 fflffllss
721 1741 870 1783 ososnuttr.
990 1754 1044 1812 tur,
1058 1745 1188 1802 utdetius
1202 1754 1297 1800 auctor
1310 1744 1390 1812 buius
1403 1746 1515 1800 baresis
1529 1746 1586 1816 ipse
1596 1746 1698 1817 potius,
1709 1762 1791 1818 quarn

326 1838 448 1910 'iscripte
461 1854 506 1893 en.
531 1838 586 1895 559
607 1838 736 1911 exeunte).
953 1837 1050 1917 Rhene
1070 1839 1216 1911 impictatis
1229 1838 1300 1896 dicta
1315 1840 1363 1909 (nl.
1384 1838 1466 1909 impie
1490 1839 1581 1906 dicta)
1605 1839 1789 1907 danmcntur3

139 1930 327 1991 Dilectissimis
341 1931 468 1988 iratribus
484 1929 616 1995 Ursacio,
632 1930 758 1997 Valenti,
773 1931 934 2004 llagdonio,
992 1937 1133 2008 magisque
1147 1936 1174 1991 in
1189 1935 1346 1999 bominem,
1363 1948 1442 2005 quam
1459 1935 1485 1988 in
1497 1934 1646 1990 doctrinam
1662 1977 1669 2002 ,
1683 1944 1792 1991 sentcn-

175 2023 385 2097 ilegasio,Gaio,
397 2022 625 2095 tustino,0ptato,
640 2024 756 2082 blartiali
769 2024 843 2098 (dict
857 2034 937 2083 caete·
989 2029 1025 2085 tia
1041 2029 1093 2084 lata
1110 2040 1171 2083 esse
1184 2025 1317 2081 rideatur.
1333 2025 1473 2081 ilonernos
1493 2040 1559 2096 ergo
1581 2040 1650 2091 tos,
1669 2026 1790 2093 Fratres,

175 2118 214 2175 ris
225 2116 403 2175 Ariminensis
416 2115 513 2188 synodi
526 2116 639 2185 legatis,
659 2117 803 2188 sylvanus,
818 2117 935 2188 Sopbro
990 2131 1020 2179 ιιι
1037 2122 1096 2178 baec
1108 2120 1253 2192 diligenter
1268 2119 1439 2184 retractetis;
1464 2118 1587 2189 detisque
1608 2133 1738 2188 operam,
1761 2129 1791 2176 nt

174 2211 256 2277 blus.
271 2209 348 2275 Neo,
362 2208 533 2266 flelfflfilsslls
545 2251 553 2277 s
564 2206 600 2281 (θ)
616 2208 767 2277 Pastillus,
785 2209 934 2282 llelpidius,
989 2217 1058 2274 sides
1070 2215 1204 2273 catholica
1219 2223 1338 2270 nrarreat.
1355 2211 1489 2271 Ceterum
1503 2226 1557 2268 oon
1572 2212 1683 2284 ambigit
1695 2210 1792 2269 Cinari-

174 2302 354 2373 Theophilus,
371 2300 541 2367 Th0⁰d⁰l1182
554 2301 709 2369 Euntibus,
725 2301 872 2369 Dldlmifflt.
888 2303 938 2358 Εῦ-
990 2321 1031 2366 tas
1045 2310 1151 2373 Vestra,
1168 2308 1293 2365 rroirersa
1306 2306 1352 2371 ita,
1367 2315 1397 2362 ot
1409 2313 1550 2378 geruntur,
1574 2305 1793 2363 occidentalibus

174 2394 278 2458 dicius,
293 2393 441 2457 Amnius,
462 2390 497 2465 (l)
508 2392 683 2460 Postiltiffls,
700 2393 865 2459 l'aleotinus,
881 2393 937 2449 sa·
989 2418 1050 2460 esse
1065 2402 1188 2459 ecclesiis
1203 2398 1359 2456 nuntianda.
1382 2399 1512 2470 Optamus
1532 2413 1599 2465 ros,
1615 2397 1744 2467 Fratres,
1765 2399 1792 2454 in

173 2486 296 2556 caspius,
309 2484 455 2552 Leontius,
473 2483 623 2552 Fortasius,
648 2495 676 2540 et
696 2486 829 2543 lincurius
844 2485 871 2542 in
885 2487 938 2543 llo-
989 2496 1107 2554 Domino
1120 2495 1190 2552 hene
1205 2496 1305 2552 valere.

174 2579 249 2635 tlltsso
263 2577 396 2634 S³llll⁰¹ih
1060 2588 1088 2643 2.
1114 2585 1170 2641 Hos
1184 2586 1283 2643 litteus
1296 2586 1437 2658 suscipiens
1456 2586 1524 2640 ritule
1543 2584 1615 2655 epod
1632 2600 1692 2640 snos
1708 2583 1791 2639 ondit.

175 2670 202 2726 l.
217 2668 391 2727 seleuciensis
407 2669 649 2742 consortemque·
661 2687 724 2743 erpa
740 2671 809 2727 delii
823 2675 938 2744 fautores
990 2681 1165 2736 Arinrtnenses
1175 2680 1380 2754 legatiperfidioe
1390 2680 1438 2735 rei.
1458 2709 1494 2720 -
1514 2676 1584 2734 ‹ttis
1598 2678 1688 2749 itaque
1701 2694 1794 2747 sump-

137 2771 274 2835 seperunt,
286 2763 460 2819 Ariorinenser
475 2764 576 2821 dorent.
597 2794 633 2806 ·-
643 2763 743 2821 Unitatl
758 2776 785 2822 et
799 2766 938 2836 reraepaci
990 2773 1036 2841 tis,
1047 2773 1146 2843 quibos
1159 2781 1187 2829 et
1197 2782 1417 2829 commemorata
1430 2772 1555 2841 superius
1569 2770 1745 2841 blasphemiae
1761 2769 1792 2844 (ri

138 2856 282 2914 Siudettles
293 2899 300 2924 ,
316 2864 344 2913 el
356 2872 389 2912 ιι
405 2857 501 2930 synodi
518 2857 645 2913 mandato
656 2856 754 2914 haetesi
769 2859 916 2915 renitentes
929 2901 936 2926 ,
989 2868 1118 2923 Sllbnexae
1131 2880 1219 2933 crant,
1234 2866 1368 2923 calumnia
1385 2864 1419 2940 (j)
1438 2866 1464 2920 ip
1476 2881 1537 2920 enm
1548 2865 1593 2936 qui
1613 2864 1733 2934 suscepit
1752 2864 1793 2919 in.

138 2951 281 3009 manilesta
298 2952 355 3008 lieri
370 2953 446 3008 tobis
464 2967 511 3020 ea,
535 2968 595 3023 qum
608 2951 681 3009 ctrca
696 2952 841 3009 Ecclesiam
852 2968 935 3023 agua·
990 2958 1125 3014 tenditur:
1139 2965 1167 3014 ct
1195 2966 1286 3013 tantus
1304 2956 1417 3013 detectae
1437 2955 1623 3012 fraudulentias
1635 2970 1692 3010 susc
1708 2954 1794 3027 bypo-

140 3051 195 3106 tur,
205 3045 307 3116 justum
324 3044 497 3117 putarimus;
519 3060 555 3101 ne
565 3045 697 3117 ignoratio
710 3058 758 3099 ros
772 3045 862 3101 socios
877 3053 937 3100 tan-
990 3051 1075 3107 critas
1107 3049 1184 3105 luror
1213 3049 1316 3116 subiit,
1352 3056 1382 3103 ut
1427 3047 1574 3119 periculum
1615 3044 1794 3118 depositionis

175 3178 215 3254 (ul
230 3179 267 3234 lta
278 3194 340 3237 cum
362 3193 415 3233 ms.
430 3177 511 3235 Sirm.
533 3176 561 3232 ln
578 3178 652 3248 prius
672 3178 786 3250 mrigatis
801 3188 891 3237 autern
905 3181 974 3247 erc
991 3183 1111 3240 scribere
1124 3185 1212 3240 coacti
1227 3183 1281 3237 sint
1291 3199 1298 3235 ι
1310 3181 1380 3251 qnod
1397 3189 1475 3237 nocte
1485 3197 1586 3238 annum
1611 3183 1665 3241 360
1693 3200 1795 3255 prace-

38 3256 45 3260 ’
138 3266 190 3308 ms.
209 3252 290 3316 Pitlr,
307 3249 342 3307 ud
355 3250 422 3304 turne
434 3249 575 3322 perlectam
588 3252 713 3318 merarii.
990 3254 1072 3311 dente
1087 3254 1188 3311 lactum
1203 3267 1266 3309 esse
1280 3253 1374 3309 scribit
1386 3252 1565 3318 suarumque,
1578 3254 1625 3311 lib.
1642 3271 1684 3323 tr,
1699 3272 1725 3311 c.
1746 3257 1792 3315 23.

177 3323 215 3395 (bl
230 3321 387 3379 Pitltoeanus
400 3322 496 3382 codex,
507 3320 605 3385 inlrere,
618 3323 703 3389 proin
714 3323 810 3387 incre,
821 3331 848 3379 et
862 3339 935 3394 mon,
1026 3325 1068 3398 (d)
1090 3326 1137 3381 llis
1156 3324 1230 3381 addit
1243 3324 1434 3395 Fragmentum
1453 3339 1569 3395 sequeus
1592 3341 1667 3382 num.
1682 3327 1717 3387 d.
1741 3332 1796 3384 ιιιι-

139 3393 400 3466 adarctteptrcopuu,
422 3406 475 3447 sion
487 3389 527 3444 'nd
544 3392 706 3464 coepiscopos
721 3393 815 3465 :quod
831 3411 864 3452 ex
882 3412 933 3452 nris.
987 3399 1127 3464 sentiunt,
1143 3396 1269 3468 superius
1281 3406 1372 3450 autem
1396 3397 1421 3449 in
1443 3395 1503 3466 ipso
1526 3395 1604 3452 titulo
1626 3395 1795 3467 Epictetum:

139 3464 390 3533 Sirmcorrigitnr.
988 3484 1021 3524 ex
1047 3483 1164 3539 quorum
1187 3469 1344 3523 accessione
1365 3465 1459 3522 decern
1489 3466 1640 3539 legatorum
1661 3485 1793 3530 numerus

179 3537 217 3608 (e)
229 3537 253 3592 A
267 3535 374 3607 quibus,
388 3533 422 3589 ad
436 3549 526 3605 quos,
544 3549 598 3604 qua
616 3535 759 3592 occasione
778 3544 806 3591 ct
831 3537 938 3609 quando
990 3539 1155 3610 perficietur.
1465 3597 1471 3602 ,

141 3609 224 3664 missa
238 3609 275 3663 sit
289 3605 348 3661 beo
361 3606 496 3675 epistola,
518 3622 589 3662 uiroc
610 3608 702 3677 paucis
720 3616 762 3663 est
782 3606 937 3666 dicendum.
1028 3611 1065 3678 (e)
1079 3609 1109 3664 ln
1124 3610 1203 3675 cdit.,
1220 3607 1354 3663 Petrinus.
1369 3607 1405 3662 Αι
1420 3607 1446 3662 in
1462 3622 1541 3670 mss..
1557 3608 1701 3666 Patricius.

142 3677 466 3750 ASeleucienslssyoodi
488 3677 583 3747 legatis
602 3677 711 3733 inissem
726 3693 810 3742 csse,
832 3682 938 3752 perspi·
1028 3680 1062 3751 (t)
1082 3679 1156 3736 Alias
1177 3696 1210 3736 es
1226 3696 1277 3734 ors.
1305 3678 1398 3744 erite,
1419 3675 1597 3734 Possurniees.
1622 3679 1794 3740 Praelerimus

141 3765 222 3807 ouum
236 3760 279 3805 est
294 3758 350 3803 tum
363 3763 396 3803 ex
410 3748 483 3804 illius
498 3749 620 3817 quamvis
633 3749 764 3804 mendoso
777 3749 864 3814 initio,
881 3762 938 3806 ιιιιιι
989 3767 1050 3808 cum
1066 3768 1117 3806 ms.
1134 3752 1216 3808 Sirm.
1235 3748 1394 3805 Passinirua.
1422 3749 1498 3817 apud
1513 3750 1664 3815 Socratem,
1676 3752 1724 3808 lib.
1739 3768 1790 3821 tn,

141 3821 262 3878 manime
275 3835 309 3875 es
325 3819 455 3875 subnexis
469 3835 544 3875 nunt.
571 3820 590 3874 Ξ
610 3818 704 3875 liilarii
719 3820 823 3888 verbis,
839 3822 940 3876 Adeunt
989 3838 1015 3879 c.
1031 3822 1078 3883 25.
1095 3823 1191 3892 legitur
1206 3820 1344 3876 Posinieus
1365 3818 1495 3874 Zenonem
1507 3835 1568 3876 crim
1583 3819 1684 3878 ttasttto
1704 3825 1794 3897 Ancy.

143 3892 237 3948 deinde
251 3908 296 3947 uos
314 3907 367 3945 non
378 3892 593 3946 comnrenicnntcs
615 3892 741 3964 episeopis
754 3892 848 3963 synodi
863 3892 940 3964 legati
991 3910 1039 3958 rm,
1056 3893 1167 3950 Silvano
1179 3892 1266 3955 Tarsi,
1281 3890 1433 3960 Sopbrouio
1448 3890 1684 3961 Poirrpeiopoleos,
1703 3892 1793 3951 Leon-

145 3963 301 4020 Orisntuler.
331 3961 439 4017 dirrare
453 3970 542 4017 tamen
558 3969 668 4031 potest,
690 3962 762 4034 quod
788 3963 867 4033 longe
882 3964 940 4032 qun·
991 3965 1030 4019 tio
1043 3963 1224 4021 comanorum
1238 4003 1246 4031 ,
1261 3971 1289 4019 et
1301 3959 1452 4032 'tteopbtto
1464 3958 1669 4020 castabalorum
1684 3967 1800 4058 episoorg

143 4038 214 4092 rium
229 4049 309 4104 quam
323 4032 417 4088 elecem
432 4032 541 4092 noorioe
553 4033 652 4104 scripta
672 4034 725 4099 sit;
750 4050 838 4101 tteqtte
861 4035 887 4091 in
908 4035 941 4090 iis
992 4037 1034 4107 pis
1045 4034 1212 4103 conspirare.

144 4112 320 4175 compareant
334 4104 461 4170 basilius,
477 4103 600 4159 Eleusius
613 4113 693 4175 atque
708 4105 879 4173 Eustatbius,
895 4107 939 4173 qni
1027 4106 1067 4178 lg)
1089 4105 1147 4162 Etsi
1159 4106 1323 4177 depravatus
1334 4113 1377 4161 est
1390 4104 1432 4161 bic
1444 4105 1539 4171 locr1s3
1563 4123 1616 4161 non
1641 4115 1684 4164 est
1703 4118 1793 4166 tamen

144 4193 207 4234 cum
217 4175 608 4244 snono‚ttre0doreronesre,
623 4176 642 4231 l.
658 4191 678 4231 ιι
691 4175 760 4232 llist.
776 4177 843 4233 eccl.
861 4176 940 4240 cdi,
992 4178 1137 4234 obscurum
1153 4192 1186 4232 eo
1197 4178 1232 4231 ab
1242 4173 1425 4232 Orientalibus
1439 4175 1597 4247 significari,
1612 4192 1643 4234 se
1656 4189 1737 4235 totam
1750 4196 1794 4238 ro·

145 4250 266 4320 primarii
281 4247 464 4304 Seleucioosis
478 4246 573 4317 synodi
589 4246 668 4317 legati
689 4248 860 4304 exstiterunt.
885 4248 942 4305 Sed
993 4258 1159 4319 praesentare
1173 4249 1319 4320 synnodum,
1334 4250 1356 4302 si
1370 4246 1505 4314 quidenna
1520 4265 1566 4304 sua
1584 4252 1702 4316 ipsorum
1718 4262 1793 4320 parte

145 4321 214 4376 nibil
234 4327 325 4381 vetat.
352 4320 495 4389 quominus
521 4319 645 4388 «rumdam
677 4318 786 4374 nomina
806 4320 943 4376 excidisse
992 4329 1096 4376 starent
1111 4328 1220 4376 centum
1233 4331 1261 4375 ct
1275 4319 1391 4388 amplios
1403 4319 1533 4388 episcopi.
1560 4320 1657 4387 lleipsa
1672 4321 1795 4379 borooeu·

145 4392 306 4448 sentiamus.
331 4389 402 4445 Fieri
416 4391 499 4446 etiam
515 4390 620 4458 potuit,
635 4400 663 4444 ut
673 4404 761 4461 quma
776 4391 883 4462 legatis,
895 4397 942 4446 ant
993 4391 1053 4447 sion
1064 4400 1172 4446 ceritum
1192 4391 1284 4463 viginti
1309 4389 1472 4460 episcopos,
1495 4393 1685 4448 anrsrnoeusion
1699 4404 1791 4450 autern

146 4478 223 4520 certe
239 4463 385 4517 amasima
397 4477 490 4517 eorum
502 4467 578 4532 parte
589 4464 688 4530 scripta
703 4462 750 4526 sit,
763 4461 942 4533 abaliisejus-
995 4471 1099 4518 tantum
1123 4462 1310 4518 novemdecim
1340 4460 1501 4528 praedicasse
1524 4462 1681 4518 observarit
1703 4475 1795 4522 noster

146 4534 210 4591 dem
225 4532 423 4590 communionis
437 4531 593 4604 episcopis,
614 4532 659 4603 qui
677 4530 797 4588 &leucio
811 4534 943 4589 cornetan·
995 4533 1125 4600 Hilarius,
1137 4546 1163 4590 et
1179 4534 1282 4603 scripto
1295 4531 1432 4587 mandavit
1447 4533 1472 4586 iu
1486 4529 1628 4589 Constant.
1645 4551 1672 4587 n.
1688 4536 1731 4590 ld.
1749 4538 1795 4594 Sic

146 4606 287 4678 titiopolim
299 4605 507 4671 conbrrseraut,
537 4603 573 4659 sit
591 4604 760 4674 subscripta,
782 4613 811 4659 et
823 4607 943 4660 omnium
956 4570 983 4632 D
997 4617 1087 4661 autem
1102 4615 1193 4676 posset
1206 4604 1372 4662 restaurari:
1397 4600 1431 4658 tn
1450 4620 1604 4689 quemquem
1626 4621 1677 4660 non
1698 4608 1795 4662 nemine

147 4680 257 4733 nomine
271 4677 364 4732 missa.
997 4692 1041 4731 nos
1057 4677 1226 4739 arbitrentur,
1241 4691 1304 4739 nos,
1322 4691 1379 4729 eum
1395 4676 1474 4729 sirrrur
1493 4684 1571 4731 totius
1589 4677 1681 4748 synodi
1695 4677 1793 4749 legati,

183 4751 251 4805 Coto
266 4757 356 4803 autem
371 4746 467 4804 iisdem
478 4746 604 4818 inscripta
620 4748 671 4812 sit,
686 4760 755 4819 qttos
769 4746 885 4802 llilarins
899 4762 944 4802 stt·
997 4748 1175 4820 episcoporum
1187 4747 1284 4802 seilicet
1298 4762 1415 4812 numero,
1431 4755 1483 4804 etc.

147 4822 262 4894 periuris
274 4819 397 4890 epistolae
410 4830 534 4876 auctores
548 4819 694 4883 iudicarim
717 4833 771 4874 rron
794 4819 940 4874 obscurum
1035 4819 1078 4893 (ln)
1099 4820 1144 4878 Sic
1160 4836 1211 4873 rtis.
1223 4821 1304 4874 sirm.
1326 4816 1362 4873 At
1371 4819 1435 4873 editi
1450 4834 1483 4874 es
1498 4835 1550 4875 ms.
1566 4818 1656 4884 Pion..
1681 4820 1718 4875 ite
1738 4837 1795 4890 qne

147 4902 192 4948 est
205 4894 372 4962 superiorem
386 4892 527 4962 epistolam
541 4891 575 4945 ab
589 4892 621 4946 iis
635 4892 754 4947 delatam
768 4905 839 4958 este,
856 4889 942 5015 exui·
997 4889 1364 4960 predicationeablusplremioe
1378 4889 1411 4944 de
1420 4890 1550 4962 umgenito
1560 4889 1617 4946 Deo
1628 4893 1796 4949 essentialiter·

147 4965 200 5020 bus
214 4965 368 5033 conscripta
382 4965 489 5028 luerat3
510 4977 612 5034 etrsqm
626 4962 745 5033 legatos,
771 4961 816 5033 qui
832 4961 866 5015 ab
905 4961 943 5016 ri-
997 4961 1029 5015 ud
1039 4963 1080 5018 bia
1092 4962 1271 5035 predicentur.
1287 4964 1453 5030 Quamquam
1467 4959 1698 5028 deniriqenitolleo
1710 4980 1797 5019 essen·

147 5034 265 5090 utinensi
276 5033 381 5107 syrrodo
393 5033 427 5089 ad
441 5034 627 5090 Constantium
641 5035 759 5089 secundo
772 5032 921 5089 missisunt
934 5073 942 5096 ,
997 5033 1093 5088 sialiter
1105 5051 1138 5089 eo
1150 5048 1231 5090 sensu
1250 5034 1342 5090 dicere
1352 5032 1535 5090 Orientalibus
1557 5035 1647 5100 licuit,
1669 5050 1723 5105 quo
1747 5036 1793 5090 lib.

149 5107 218 5161 alios
230 5108 308 5161 abiis
322 5107 414 5176 inisse,
430 5108 476 5179 qui
489 5108 588 5175 primas
598 5107 720 5173 ejusdem
732 5105 828 5178 synodi
840 5105 945 5159 litteras
996 5104 1031 5160 de
1043 5105 1145 5176 synod.
1161 5121 1189 5159 ιι.
1205 5103 1249 5168 lsi,
1264 5105 1358 5160 dicunt
1380 5121 1387 5160 :
1403 5103 1436 5158 Et
1447 5107 1470 5159 ri
1483 5106 1540 5175 quis
1550 5104 1660 5160 audiens
1678 5106 1795 5178 rcrripeni·

145 5193 183 5234 ex
195 5178 388 5234 catbolicorum
405 5188 480 5247 parte
492 5176 526 5232 ad
540 5178 667 5234 eumdem
681 5178 845 5232 detulerant.
997 5184 1051 5229 tunc
1066 5175 1150 5246 fitium
1164 5175 1297 5230 invisibilis
1310 5173 1359 5230 Dei
1372 5175 1498 5241 sinrilem,
1514 5192 1565 5230 raon
1577 5175 1671 5230 dixerit
1687 5180 1796 5234 essentia

185 5249 331 5305 Novissimi
346 5249 384 5305 illi
411 5250 490 5319 legati
505 5248 764 5318 Constantinopolim
785 5246 945 5318 pervenien-
996 5246 1090 5317 tilium,
1105 5254 1158 5301 cto.
1175 5246 1260 5301 Porro
1276 5247 1387 5302 baercsis
1402 5245 1707 5302 illadunrioansFilium
1721 5247 1796 5305 Patri

150 5331 213 5387 tes,
228 5335 288 5376 cum
300 5322 356 5390 jaro
370 5320 512 5376 damnatus
526 5330 598 5375 esset
611 5318 721 5385 Aetins,
733 5333 849 5386 miroque
863 5320 945 5372 insta·
996 5316 1113 5374 similem
1130 5333 1183 5372 rron
1200 5317 1304 5385 publica
1318 5315 1498 5382 corriessione,
1515 5318 1563 5372 sed
1577 5317 1702 5388 penitiori
1718 5336 1795 5375 men·

149 5402 211 5449 rent
221 5392 381 5454 orientales.
399 5401 428 5447 ut
441 5393 485 5463 qni
500 5393 619 5447 liceretici
632 5390 713 5459 inqua
726 5389 875 5446 doctrinam
895 5390 943 5445 de·
997 5389 1032 5443 tis
1044 5402 1126 5444 sensu
1141 5388 1300 5475 denegabat.
1316 5388 1480 5457 susceperat
1490 5388 1562 5444 euim
1577 5388 1737 5447 tracturam
1749 5405 1795 5447 ec·

151 5462 316 5531 tondebant,
341 5463 436 5520 eadem
451 5464 584 5518 sententia
604 5465 782 5531 prnrrirentnr,
804 5462 945 5532 epistolam
1000 5458 1110 5527 thesim,
1126 5475 1185 5526 quae
1199 5458 1296 5514 Filium
1311 5461 1379 5530 putri
1390 5457 1499 5515 sinrilmr
1514 5457 1665 5530 profitetur.

151 5535 226 5590 illam
239 5542 496 5607 acceperuntaquoe
515 5534 581 5604 ipsis
593 5549 625 5590 eo
639 5534 752 5589 consilio
765 5533 845 5589 missa
868 5541 945 5597 erat,
1049 5530 1082 5601 (i)
1111 5529 1295 5600 blasptremtas
1328 5531 1437 5586 easdem
1470 5532 1571 5601 pariter
1588 5547 1649 5587 curn
1676 5534 1797 5605 proximo

151 5621 187 5662 ne
202 5607 324 5663 Eudoxio
336 5623 368 5662 ac
383 5608 465 5663 sociis
485 5606 563 5676 ejus,
585 5615 677 5675 utpote
697 5604 830 5660 Seleuciae
849 5603 947 5659 morito
998 5600 1177 5658 Orientalium
1191 5601 1303 5671 epistola
1319 5603 1346 5657 in
1360 5602 1461 5659 Gallias
1474 5602 1509 5658 ab
1523 5601 1623 5660 llilario
1635 5602 1800 5662 nrissasesse

151 5677 286 5733 damnatis
299 5720 306 5743 ,
329 5678 518 5750 jungerentur.
546 5678 651 5745 Scripta
663 5686 705 5731 est
718 5674 798 5747 igitur
810 5674 947 5745 aliquanto
999 5671 1137 5729 discemus
1151 5672 1327 5744 subsequenti
1341 5671 1515 5742 Fragmenta,
1528 5690 1555 5728 n.
1567 5675 1595 5730 d.

152 5759 213 5818 post
226 5751 393 5817 superiorem
407 5792 415 5813 ,
438 5757 467 5805 ct
491 5760 634 5818 antequam
649 5745 828 5804 seleuciensis
850 5745 947 5818 synodi
1035 5743 1071 5817 (j)
1094 5743 1262 5799 calumniam
1292 5743 1434 5800 intcndere
1448 5744 1491 5800 lric
1504 5745 1616 5816 perinde
1631 5747 1733 5804 ililario
1746 5756 1798 5813 cst,

151 5822 233 5895 legari
249 5816 386 5880 Formido
403 5823 438 5882 ab
451 5818 565 5880 liudoaii
579 5817 699 5891 partibus
718 5818 865 5893 propositas
883 5816 948 5877 sub·
999 5818 1116 5876 astitero
1131 5831 1260 5876 inurere:
1284 5817 1355 5877 sicut
1370 5831 1444 5889 cnut,
1458 5815 1506 5876 lib.
1524 5832 1542 5874 s
1564 5817 1599 5877 de
1608 5818 1686 5878 'l'rin
1701 5836 1730 5878 ιι.
1744 5817 1780 5877 stt
1789 5859 1800 5893 ,

805 5961 841 6002 k
