4209 6250
869 283 1312 378 sanentutunnn'nrtscort
1870 328 1924 385 mn

270 438 397 512 initium
431 436 470 511 (⁰)
500 434 638 492 adstitisse
671 433 869 490 ⁰⁰¹¹f⁰ll³⁰l⁸ffl
907 449 988 501 eum;
1021 436 1298 514 ouranotasnssnn
1325 454 1378 498 non
1405 440 1554 499 seeundum
1581 450 1685 499 naturae
1697 444 1924 504 consuetudinem

269 532 419 590 assistente
435 544 515 586 orare
526 526 657 598 orolixius
671 527 802 597 creuerit,
815 527 850 582 ita
865 533 895 582 ut
907 527 991 598 guttis
1010 542 1074 584 san·
1124 533 1227 604 gessit:
1255 549 1344 606 neque
1358 535 1391 591 ad
1405 535 1531 592 inaresim
1547 534 1582 610 (s)
1603 536 1770 594 infirmitatis
1790 540 1927 611 pertinere

269 628 383 699 guinum
398 622 521 690 cornutis
535 618 976 694 sudoreiiioeret(bnc.xxu,iil
990 630 1014 676 et
1026 620 1073 692 11)
1125 623 1181 679 allo
1206 624 1287 681 niodo
1308 628 1428 697 poterit,
1465 628 1536 699 qnod
1560 627 1704 684 aduersum
1727 628 1854 687 baeresim
1884 629 1924 706 (q)

271 720 354 777 llisso
369 716 441 774 enirn
456 715 489 769 ad
505 713 646 770 tuitionem
660 714 846 784 apostolorum
865 713 971 786 angelo,
986 721 1014 770 et
1027 729 1075 785 per
1125 715 1286 788 phantasma
1301 719 1474 776 mentientem
1491 719 1632 791 probolas,
1661 737 1710 793 qen
1723 720 1850 778 sudorem
1865 737 1928 779 san·

272 826 336 869 eum
351 807 503 865 conrlorttto
519 806 650 874 Domino,
665 821 700 862 ne
711 820 761 877 oto
774 806 815 860 bis
826 806 913 863 tristis
925 813 1014 875 esset,
1034 805 1074 880 (1)
1125 808 1228 880 guinis,
1249 811 1284 865 anl
1295 811 1420 882 corporis
1438 812 1591 869 toritatem.
1602 812 1686 882 lqinur
1700 829 1761 870 ennn
1773 824 1801 869 et
1817 815 1926 871 tristitia

273 897 957 974 jamsinelb)tristitimmetualt:llornritejmn,
986 908 1009 952 et
1032 914 1076 954 re·
1127 901 1162 958 de
1175 902 1255 958 nobis
1267 913 1320 968 est,
1353 904 1708 976 etoratiopronobisest,
1731 921 1787 962 non
1812 916 1927 978 possunt

274 998 408 1073 quiescite.
420 995 461 1053 be
474 995 571 1066 angelo
584 994 694 1066 quidem
711 992 854 1050 battbnns
869 1001 897 1049 et
918 994 1024 1051 Marcus
1048 1001 1077 1049 et
1127 1009 1180 1049 non
1194 995 1286 1050 omnia
1303 1004 1414 1067 oroqter
1426 1011 1476 1052 nos
1490 1006 1564 1068 gesta
1576 1011 1637 1053 esse
1648 997 1774 1069 intelligi,
1797 1012 1859 1054 cura
1871 1012 1931 1055 om·

273 1097 310 1154 de
320 1096 487 1168 expetitione
500 1093 599 1151 diaboli
623 1092 690 1149 nibil
713 1092 798 1148 locuti
824 1097 887 1148 sunt
911 1109 918 1144 :
942 1089 990 1147 sed
1016 1096 1078 1161 post
1128 1085 1171 1141 nia
1187 1100 1236 1156 oro
1250 1085 1341 1152 nobis,
1356 1087 1455 1158 quibus
1470 1088 1626 1155 timebatur,
1645 1098 1721 1145 oratu
1736 1090 1801 1147 sint.

274 1190 416 1248 tristitiam
430 1189 542 1254 antinum,
557 1194 621 1259 post
632 1185 825 1241 dormientium
841 1184 1077 1255 objurgationem,
1162 1177 1208 1234 it.
1236 1177 1389 1245 iristitiam,
1406 1180 1494 1237 calicis
1516 1183 1732 1254 deprecationem,
1747 1192 1802 1240 etc.
1818 1183 1931 1258 Aposto-

275 1291 338 1355 post
350 1280 531 1337 trannsierendi
542 1280 635 1336 calicis
647 1278 882 1351 deprecationem,
908 1291 961 1332 non
979 1291 1013 1332 et
1037 1276 1078 1329 ni-
1128 1270 1168 1326 las
1180 1281 1306 1342 spectare.
1323 1301 1360 1313 -
1373 1271 1506 1329 Prasiane
1518 1285 1609 1332 autem
1629 1275 1681 1333 sibi
1703 1284 1824 1333 mutuam
1839 1276 1931 1333 Etann-

274 1375 334 1432 hilo
341 1374 535 1431 dormientium
547 1372 703 1428 adhortatio
716 1371 859 1426 subsecuta
871 1377 929 1432 est,
943 1369 992 1423 nisi
1007 1367 1077 1438 quod
1127 1365 1196 1437 gelia
1210 1365 1421 1437 plenitudinem:
1449 1366 1512 1422 dum
1526 1368 1580 1423 alia
1600 1384 1632 1424 ex
1649 1367 1721 1434 aliis,
1745 1370 1808 1440 quia
1832 1371 1924 1425 omnnia

276 1486 339 1527 ounn
352 1469 476 1524 abntutus
489 1468 522 1523 ab
536 1467 578 1523 bis
599 1475 687 1534 essct,
702 1474 731 1520 et
744 1463 840 1520 indulti
856 1461 953 1534 nlngeti
969 1461 1078 1517 eonior·
1130 1458 1209 1514 unius
1224 1457 1342 1528 Spiritus
1367 1457 1526 1529 pradicatio
1547 1455 1599 1525 sit,
1626 1458 1826 1532 intelliguntur.
1854 1460 1932 1517 liano

277 1571 352 1618 tatus
365 1560 485 1628 auxilio,
498 1560 648 1615 securitate
671 1556 707 1632 (c)
732 1556 864 1613 custodite
886 1552 1080 1611 custodiendos
1130 1550 1202 1606 eninr
1218 1549 1327 1606 tacitam
1342 1550 1377 1608 ab
1388 1550 1515 1606 onnnibus
1530 1565 1581 1622 pro
1592 1549 1733 1621 apostatis
1744 1550 1853 1607 Domini
1871 1566 1934 1607 ora·

277 1654 455 1730 permittebat
467 1653 494 1707 in
511 1666 648 1707 sonnnutn.
1130 1645 1233 1700 tionem
1253 1642 1375 1701 loannes
1393 1644 1511 1700 maxime
1528 1643 1691 1714 spiritalium
1702 1658 1846 1701 causarum
1860 1659 1919 1717 pras

314 1749 360 1808 11.
381 1750 421 1806 Dc
441 1750 536 1807 sudore
554 1749 689 1820 sanquinis
710 1756 733 1803 ct
755 1747 866 1803 aduentu
887 1744 974 1817 anqeii
991 1744 1028 1798 nii
1051 1745 1079 1798 in
1131 1738 1236 1797 dicator
1261 1737 1391 1806 ostendit,
1417 1737 1561 1794 bominum
1578 1736 1614 1792 ita
1630 1744 1864 1808 urceatnmesse,
1892 1734 1935 1792 di-

278 1843 396 1916 pluribtns
421 1842 503 1898 libris.
550 1840 697 1909 intirtnitas
726 1836 823 1894 Cirritti
854 1853 988 1909 perperam
1022 1820 1219 1890 tnnchens:
1235 1829 1314 1887 Pater
1328 1840 1425 1898 santcte,
1445 1845 1625 1886 contemnens
1640 1831 1846 1886 ittttomincttnu.
1862 1826 1929 1884 Cam

279 1935 422 2006 colliqitnr.
446 1964 483 1975 -
506 1931 562 1988 Nee
577 1947 644 1987 sane
659 1930 836 2002 ignorandum
851 1944 866 1983 a
881 1928 959 1984 nobis
978 1935 1030 1994 est,
1054 1937 1084 1983 et
1134 1939 1215 1979 estant
1237 1940 1295 1977 curn
1307 1922 1362 1990 eis,
1385 1938 1433 1994 eqo
1450 1920 1623 1976 custodiebam
1642 1937 1685 1976 cos
1699 1921 1727 1975 in
1743 1921 1846 1975 trontius
1870 1930 1933 1975 tao:

279 2027 308 2085 io
321 2028 418 2100 graecis
439 2034 468 2083 et
487 2026 516 2081 in
533 2025 628 2081 latinis
645 2023 784 2080 codicibus
805 2021 1012 2093 complurimis,
1039 2021 1084 2077 vel
1134 2033 1197 2088 qnos
1211 2016 1306 2071 dedisti
1320 2015 1394 2082 mibi,
1423 2012 1691 2087 etcnstaditilioan.
1706 2029 1772 2082 tnrnt,
1788 2014 1862 2071 liet
1877 2011 1933 2086 ii).

270 315 324 377 515

279 2122 317 2179 de
329 2121 490 2178 adveniente
502 2119 601 2192 angelo
616 2161 623 2186 ,
655 2119 699 2173 rel
716 2118 750 2175 de
772 2116 873 2174 sudore
889 2117 1028 2187 sanguinis
1044 2114 1084 2172 nnil

281 2215 413 2286 seriptum
429 2213 554 2283 reperiri.
579 2211 785 2283 ambigentibus
799 2211 891 2283 igitur,
919 2219 1008 2265 utrum
1032 2208 1085 2264 boe

281 2307 310 2362 in
335 2305 414 2362 libris
436 2306 520 2361 variis
536 2315 579 2360 aut
605 2304 686 2369 desit,
714 2312 762 2359 aut
778 2301 950 2374 superfluunt
973 2302 1009 2358 sit
1032 2303 1087 2373 (in-

282 2407 389 2455 certum
402 2398 475 2455 enirn
491 2398 543 2453 boc
557 2396 635 2454 nobis
651 2397 813 2468 relinquitur
826 2395 860 2451 de
883 2396 1040 2452 diuersitate
1054 2396 1087 2451 li·

282 2491 417 2561 brorum),
444 2500 520 2548 certe
531 2490 630 2562 siquid
655 2490 707 2547 sibi
728 2507 762 2546 ex
777 2493 828 2547 lnoe
841 2490 954 2548 haeresis
974 2491 1080 2547 blandi-

283 2592 339 2649 tur,
354 2593 384 2639 ut
396 2582 534 2639 inllrmum
548 2581 683 2650 aiilrnnet,
707 2583 753 2639 cui
766 2596 835 2654 opus
846 2583 926 2648 luerjt
940 2583 1031 2655 angeli
1046 2582 1086 2655 (1)

1136 2109 1195 2165 Non
1215 2108 1267 2165 sibi
1281 2107 1374 2179 itaque
1388 2106 1440 2163 luit
1454 2107 1541 2163 oratio
1556 2106 1614 2174 illa,
1638 2105 1686 2162 scd
1701 2103 1834 2175 apostolis
1849 2122 1856 2160 :
1884 2117 1936 2158 nae

1139 2201 1189 2258 sibi
1200 2202 1288 2257 tristis
1302 2212 1362 2269 est,
1391 2200 1436 2272 qui
1462 2213 1542 2256 orare
1555 2213 1603 2256 eos
1628 2204 1813 2255 ostententur
1825 2206 1935 2253 monet:

1136 2307 1187 2352 neo
1199 2292 1251 2350 sibi
1266 2292 1381 2365 angelus
1397 2292 1530 2361 mittitur,
1556 2291 1602 2362 qui
1622 2292 1646 2346 sl
1659 2290 1750 2359 tellet,
1762 2289 1803 2364 (ir)
1828 2288 1933 2346 duode-

1136 2386 1190 2443 cim
1213 2385 1299 2442 millia
1326 2385 1465 2456 legionum
1489 2384 1524 2441 de
1549 2384 1627 2441 coelis
1646 2383 1811 2442 deduceret:
1829 2382 1862 2455 (i)
1886 2397 1936 2438 nec

1136 2488 1247 2551 propter
1262 2484 1376 2534 nnortcnn
1389 2477 1478 2542 timet,
1504 2476 1550 2547 qni
1561 2491 1647 2549 usque
1657 2476 1691 2532 ad
1706 2484 1822 2531 mortem
1837 2475 1938 2531 annsins

1137 2579 1197 2628 cst:
1222 2584 1272 2627 nee
1285 2578 1315 2626 ut
1328 2584 1358 2628 ee
1372 2578 1491 2625 transeat
1505 2568 1587 2634 calis,
1603 2577 1699 2639 rogat3
1716 2567 1763 2623 sed
1777 2581 1792 2623 a
1808 2581 1839 2623 se
1850 2575 1937 2623 trans-

284 2671 466 2732 eantonnsmts
480 2673 599 2743 nasuta,
628 2675 782 2731 nentrum
796 2672 956 2731 creatorem
975 2674 1088 2747 aquo·
1138 2667 1179 2723 ire
1197 2664 1308 2722 calicem
1323 2674 1414 2737 rogat,
1429 2664 1474 2734 uui
1488 2672 1577 2718 tannen
1603 2659 1825 2734 transirelilnon
1837 2660 1936 2731 passis,

284 2783 346 2824 rutn
360 2767 507 2823 creationis
519 2781 576 2822 suas
590 2783 644 2823 non
659 2767 766 2839 eguisse
778 2767 924 2839 prasidi03
939 2777 995 2823 tum
1010 2766 1088 2824 dein·
1137 2758 1190 2816 nisi
1205 2773 1267 2814 bum
1281 2756 1389 2814 biberit·
1427 2754 1556 2811 Transire
1575 2763 1666 2810 autern
1683 2750 1723 2827 (ὅ)
1733 2766 1736 2774 ’
1746 2768 1798 2808 ⁰⁰¹¹
1812 2754 1872 2809 ¹⁰00
1885 2750 1936 2808 di·

285 2859 321 2915 de
334 2860 492 2915 necessario
505 2873 539 2915 eo
553 2860 634 2915 modo
645 2875 706 2916 eonn
720 2858 915 2928 cantoranum,
940 2875 994 2931 quo
1008 2859 1089 2916 modo
1139 2853 1237 2910 cedere
1251 2862 1304 2919 est,
1334 2851 1382 2908 ted
1395 2851 1572 2906 omilin⁰¹1⁰¹l
1589 2859 1715 2905 0¹⁵llib²
1737 2845 1808 2920 (111011
1824 2845 1938 2915 quidem

285 2960 314 3008 et
326 2951 430 3006 tristem
441 2964 512 3007 esse.
528 2948 571 3022 (d)
610 2950 677 3006 llam
689 2952 712 3007 si
726 2952 805 3007 nobis
820 2952 906 3008 tristis
921 2961 974 3018 est,
996 2951 1088 3021 idest,
1139 2946 1228 3017 ipsum
1243 2953 1270 3000 et
1282 2943 1456 3014 evangelicus
1470 2951 1498 3000 et
1509 2941 1677 3015 apostolicus
1687 2955 1777 2999 sermo
1791 2938 1939 3012 significat,

287 3053 399 3117 praeter
413 3044 495 3117 350
509 3060 560 3100 nos
573 3045 658 3101 tristis
676 3053 730 3113 est,
751 3061 867 3103 necesse
880 3055 922 3103 est
937 3056 966 3102 ut
980 3056 1090 3119 propter
1139 3053 1202 3096 cunt
1215 3038 1322 3105 dicitnr,
1337 3035 1435 3094 Cretam
1447 3049 1472 3093 et
1485 3047 1556 3094 terra
1570 3037 1734 3103 transibant,
1757 3037 1832 3091 rerba
1851 3043 1941 3090 antean

288 3152 339 3193 nos
355 3138 391 3192 sit
404 3138 575 3193 conniortatns
588 3150 615 3193 et
630 3140 726 3193 nobis:
754 3140 817 3211 quia
832 3139 921 3212 quide
938 3139 1017 3195 nobis
1041 3141 1088 3197 tri·
1139 3151 1259 3191 mennon
1280 3132 1447 3203 preteribant
1459 3131 1558 3206 (Marc.
1575 3146 1635 3199 xnr,
1649 3128 1707 3202 bl).
1747 3129 1801 3187 Sed
1820 3139 1848 3186 et
1862 3132 1938 3199 Auo·

286 3231 339 3287 stis
352 3239 394 3287 est
407 3230 482 3287 etde
497 3231 575 3286 nobis
596 3231 766 3287 confortatos
780 3242 841 3300 est,
864 3248 896 3289 ea
920 3233 1089 3291 confortatos
1103 3203 1126 3268 C
1142 3229 1249 3287 stolus:
1266 3226 1335 3284 lices
1349 3237 1433 3284 uetera
1446 3227 1613 3293 transierant,
1629 3235 1655 3280 et
1666 3230 1736 3297 [acta
1746 3232 1805 3279 sanet
1820 3222 1858 3297 (in)
1874 3239 1942 3279 nnana

288 3326 332 3377 est
344 3319 503 3378 conditione
521 3338 574 3393 qua
588 3322 674 3378 tristis
684 3331 737 3379 est.
764 3323 897 3380 Sudorem
919 3339 986 3381 nero
1008 3343 1090 3383 nonno
1144 3321 1178 3396 (tt
1188 3320 1249 3379 Cor.
1265 3337 1294 3389 r,
1311 3321 1369 3392 17).
1384 3320 1437 3377 Sed
1452 3331 1479 3377 et
1493 3333 1555 3376 eum
1566 3320 1614 3386 ait,
1629 3319 1711 3394 351
1724 3314 1757 3372 Et
1767 3314 1942 3389 liqurabajns

290 3411 441 3469 inilrmitati
455 3412 723 3485 audebitdeputare:
746 3416 809 3486 qnia
833 3424 861 3471 et
887 3428 983 3473 eontra
1008 3431 1090 3475 natu·
1144 3418 1235 3473 nnnndi
1259 3414 1377 3471 transibit
1392 3412 1415 3487 (1
1427 3411 1488 3469 Cor.
1503 3428 1551 3480 ιιι,
1568 3412 1625 3484 ὅ1).
1646 3412 1724 3468 Calin
1738 3426 1822 3482 ergo,
1837 3409 1872 3465 de
1885 3422 1942 3481 quo

289 3518 349 3562 rann
363 3514 407 3563 est
418 3504 518 3563 sudare
531 3508 702 3580 sanguinem.
728 3508 785 3564 Nee
795 3509 939 3567 inbrmitas
950 3519 1002 3582 est,
1017 3514 1090 3584 qood
1145 3515 1253 3570 Prttrem
1266 3517 1326 3566 orat
1341 3518 1370 3566 ut
1383 3516 1513 3575 trauseat,
1536 3522 1590 3562 non
1605 3514 1695 3579 potest
1709 3506 1825 3563 transsire
1835 3503 1888 3562 nisi
1902 3501 1943 3559 bl·

342 3650 356 3704 l
388 3648 450 3703 inm
462 3649 518 3704 sine
531 3648 641 3704 tristitiae
654 3657 721 3704 taeta
730 3658 824 3715 essent,
837 3650 885 3704 ait.

328 3649 357 3795 11
389 3719 480 3777 Codex
508 3720 607 3776 Veron.
623 3721 804 3792 connsortinntis
834 3735 884 3794 qro
911 3721 1089 3792 confortantis,

331 3838 359 3911 (a
386 3837 481 3894 Plures
494 3851 560 3891 nnss.
573 3836 709 3892 exstitisse.

330 3909 357 3975 (b
388 3907 427 3964 lta
443 3908 631 3975 orestantiore
693 3922 731 3961 ss.
743 3906 831 3963 ilatio.
850 3906 922 3972 bas,
938 3908 1016 3965 Colb.
1037 3918 1092 3965 ete.

295 3976 465 4036 AlterGolb.
488 3994 549 4034 cunr
564 3980 633 4035 Sorb
674 4018 693 4042 .,
716 3982 775 4052 jam
798 3979 854 4033 sine
877 3980 982 4034 tristitia
1005 3982 1095 4035 etsine

295 4060 366 4107 aneta
378 4051 425 4104 cit.
445 4047 526 4105 Corb.
539 4065 600 4104 eunn
615 4050 676 4104 aliis
691 4047 837 4115 nonnullis,
852 4052 909 4119 jann
921 4051 1095 4106 rinretristitite

297 4133 366 4177 ntetnt
386 4130 478 4187 essent,
500 4121 546 4174 ait.
564 4120 634 4176 Editi
650 4137 725 4186 uero,
749 4124 807 4194 jann
833 4123 889 4176 sine
901 4123 1013 4177 tristities
1025 4133 1095 4177 metu

296 4193 408 4248 existens
421 4193 468 4246 ait.
500 4192 578 4257 Qatnu
591 4191 690 4246 deinde
718 4192 872 4262 subjicitor,
896 4192 1013 4248 Decernite
1023 4197 1093 4266 jam,

298 4264 382 4319 nnodu
397 4278 449 4316 non
465 4270 555 4316 exstat
575 4264 644 4330 eqnnl
665 4262 764 4317 Lnrcam
776 4304 784 4328 ,
796 4262 850 4319 inno
875 4278 985 4334 prorsus
1009 4265 1094 4333 aliud,

298 4344 374 4405 puta,
424 4333 452 4385 tt
463 4332 604 4386 dormitis?
618 4333 726 4404 turqite,
740 4342 872 4390 oroteete.

336 4402 372 4528 (q
416 4412 452 4456 at.
465 4402 523 4459 bns.
539 4419 590 4458 ms.
605 4406 728 4459 custodis.

337 4477 346 4546 (
367 4474 377 4547 )
391 4473 500 4540 Excusi,
516 4476 630 4547 namqui
644 4476 735 4532 trabs:
755 4486 783 4533 et
797 4492 879 4541 mox,
903 4478 966 4550 qnia
978 4494 1037 4550 erqo
1050 4478 1095 4548 qui

299 4546 333 4603 de
346 4546 431 4613 nobis,
445 4557 501 4602 etc.
516 4548 683 4616 castigantur
701 4548 861 4604 auctoritate
879 4565 944 4605 mss.
970 4550 1026 4603 [luo
1052 4549 1095 4603 lnic

1142 3651 1212 3709 sieut
1225 3657 1320 3722 postea
1331 3647 1484 3720 consortiari
1497 3660 1549 3703 non
1562 3648 1747 3721 confortatum.

1180 3723 1220 3798 (5)
1243 3719 1305 3776 Νοιι
1319 3721 1351 3775 de
1363 3720 1430 3776 ioco.

1147 3837 1278 3903 claretur,
1293 3833 1339 3889 lib.
1356 3849 1376 3898 ι,
1392 3848 1419 3887 ιι.
1435 3831 1482 3897 ot,
1502 3845 1606 3887 necnon
1622 3830 1669 3888 lib.
1685 3846 1714 3899 n,
1728 3846 1756 3887 n.
1771 3830 1800 3886 ii.

1184 3908 1223 3981 (q)
1236 3906 1373 3962 Valentini
1386 3902 1500 3967 seilicet,
1512 3902 1650 3958 llannielnmi
1661 3918 1693 3957 ae
1707 3902 1848 3959 similium.
1864 3903 1940 3959 Eam·

1147 3980 1208 4037 dcnn
1226 3979 1305 4047 lnujus
1316 3977 1473 4032 reieausann
1494 3973 1573 4029 arten
1586 3974 1773 4030 'lbeodorettts
1790 3976 1941 4031 bettnonstr.

1148 4050 1220 4122 quod
1233 4049 1297 4103 unio
1311 4048 1344 4104 sit
1356 4046 1496 4101 inconfusa
1507 4063 1535 4101 n.
1547 4047 1575 4109 tt,
1588 4045 1632 4101 nbi
1647 4045 1699 4101 buc
1709 4044 1810 4101 iactum
1824 4045 1943 4102 essedo·

1149 4130 1204 4190 cet,
1227 4130 1255 4177 nt
1270 4128 1429 4191 posmrornm
1448 4118 1487 4182 ii,
1503 4117 1547 4189 qni
1561 4117 1653 4172 onitate
1665 4118 1828 4188 corporisque
1839 4133 1943 4172 assum·

1149 4197 1260 4267 ptionenn
1272 4190 1420 4253 crederent,
1446 4188 1701 4244 tlenttonstrationibnns
1716 4191 1942 4258 contientnrentnng

1149 4266 1193 4334 qnni
1205 4280 1265 4319 ueto
1279 4262 1493 4323 contradicerent,
1515 4261 1669 4315 euidentibus
1683 4260 1836 4316 testimoniis
1849 4262 1943 4332 consu·

1149 4344 1273 4398 tarmttur,
1297 4333 1392 4404 quibus
1418 4331 1574 4399 promittit:
1606 4331 1662 4386 Etsi
1684 4334 1752 4387 eninr
1773 4332 1894 4386 diuinitas
1921 4343 1944 4387 et

1148 4405 1370 4479 spiritusaderont
1383 4403 1449 4458 seint
1461 4403 1567 4469 unctio,·
1590 4412 1675 4457 tannen
1701 4420 1746 4458 nec
1765 4404 1944 4458 nttt'toditiat'·

1148 4489 1186 4533 tas
1198 4494 1243 4532 nec
1255 4477 1361 4548 spiritus
1375 4490 1468 4546 corpas
1483 4482 1543 4528 tunc
1567 4484 1612 4529 arnt
1627 4475 1742 4529 notatam
1754 4483 1943 4540 sustentarunt,

1148 4550 1193 4603 teti
1203 4551 1252 4603 boc
1264 4547 1432 4602 nrnitnistcritnm
1443 4547 1533 4612 nnqelo
1547 4544 1769 4611 construendorum,
1778 4555 1806 4599 ut
1816 4556 1839 4600 et
1849 4548 1946 4602 enimc

300 4619 390 4675 obiter
405 4617 538 4672 crolando:
562 4620 678 4689 orintnnnn
690 4634 744 4674 non
759 4619 917 4684 lnotninenn,
936 4621 983 4676 sed
998 4629 1094 4673 meato·
1109 4619 1132 4679 D
1145 4632 1169 4674 ct
1183 4619 1298 4690 corporis
1310 4615 1485 4688 infirntitatent
1494 4616 1664 4682 ostenderent,
1679 4626 1702 4671 et
1718 4617 1945 4689 perinfirnnittrtem

299 4705 352 4745 rcrn
368 4690 519 4759 nnqeiorann
530 4690 564 4744 ab
575 4689 733 4744 infirmitate
746 4688 854 4745 delendi
866 4706 874 4756 ;
890 4692 1014 4751 alteram,
1031 4691 1093 4744 nnl-

300 4760 354 4816 lam
369 4760 402 4814 de
412 4762 525 4815 veritate
539 4759 657 4814 tristitiae
668 4759 768 4815 Claristi
790 4760 938 4816 secundum
956 4761 1092 4816 bominem

299 4831 511 4886 controversiam
524 4830 647 4895 nnoreri,
672 4831 733 4902 qnia
757 4828 792 4884 de
814 4831 859 4885 illa
874 4832 963 4886 nullus
974 4832 1095 4899 ambige·

298 4902 360 4968 bat;
377 4900 426 4957 sed
446 4900 495 4955 bac
509 4899 589 4955 tebni
603 4902 664 4955 data
678 4942 686 4964 ,
699 4901 789 4955 statim
803 4901 837 4955 de
851 4917 932 4957 eausa
949 4911 976 4957 ut
998 4901 1091 4957 eandi-

299 4974 375 5028 tione
390 4972 462 5026 illius
476 4970 627 5041 disputan-i:
656 4983 683 5026 ιιι
701 4986 732 5026 ea
755 4972 880 5027 tninnirnm
904 4972 988 5029 inisse
1001 4983 1096 5029 osten·

300 5043 389 5107 datur,
404 5058 464 5109 nuce
479 5059 531 5097 non
545 5043 688 5097 dedeceret
703 5043 839 5097 bominem
856 5044 912 5098 lieo
924 5046 1039 5099 unitam.

338 5112 376 5187 (e)
398 5113 558 5184 iiiqqolytus
573 5113 643 5185 apud
657 5112 859 5170 Tbeodnnretunn
875 5114 908 5169 ad
922 5117 1025 5171 calcem
1037 5117 1100 5172 bia·

301 5184 407 5267 logion,
422 5193 607 5256 argumentum
630 5185 718 5240 simile
740 5185 849 5242 conniicit
862 5203 895 5242 es
910 5202 979 5254 aqua
995 5196 1022 5244 et
1037 5203 1099 5243 san-

301 5270 383 5326 gnnne
396 5271 457 5327 quae
470 5267 530 5326 post
545 5265 660 5312 mortenn
673 5256 772 5311 illinisti
797 5273 829 5311 ex
850 5260 932 5314 latere
945 5258 1018 5313 illins
1033 5274 1098 5325 nro·

302 5328 456 5382 ssutterunt:
479 5326 591 5397 Corpus,
617 5328 732 5397 quamuis
746 5328 856 5384 bantana
871 5346 942 5384 errore
955 5340 1097 5395 nnnortttom,

301 5398 461 5469 nnoqnamin
474 5401 571 5454 seuittc
583 5401 633 5454 sim
645 5400 729 5454 babet.
762 5401 826 5466 Qutc
844 5402 911 5455 enim
939 5417 971 5456 ec
985 5403 1094 5455 mortenia

1146 4692 1339 4745 ottentderentntr
1369 4697 1469 4741 enataret
1498 4686 1674 4813 inqtrnnnaraan.
1697 4688 1728 4744 Si
1741 4690 1826 4749 entitn,
1857 4688 1946 4755 inquit

1147 4763 1358 4832 Clnrysostonnus
1383 4757 1463 4812 Tota.
1480 4772 1500 4823 ι,
1542 4773 1599 4813 ont.
1615 4774 1704 4815 xxxn:
1731 4768 1787 4830 post
1801 4775 1878 4830 qnam
1890 4760 1947 4829 ipse

1147 4842 1183 4886 tot
1194 4841 1312 4903 tantaque
1323 4829 1425 4892 dicerit,
1438 4844 1539 4883 carnem
1554 4830 1629 4884 ilium
1643 4846 1694 4886 ison
1708 4832 1878 4902 ossannptisse
1889 4832 1947 4885 ouri

1147 4912 1207 4958 sant
1221 4903 1324 4972 quddam
1340 4915 1472 4965 asserere,·
1495 4902 1517 4954 ti
1538 4901 1604 4957 nibil
1628 4901 1722 4956 borum
1736 4901 1832 4957 dictam
1845 4902 1946 4973 saissa,

1147 4975 1209 5045 qnid
1221 4989 1272 5029 nott
1286 4972 1428 5027 dicissent?

1189 5044 1229 5117 (ιι)
1247 5044 1400 5100 l'etnstinre
1420 5057 1487 5098 nnss.
1507 5039 1585 5099 Colb.
1602 5058 1663 5100 cunn
1685 5043 1780 5100 Geron.
1798 5053 1824 5100 et
1839 5043 1947 5116 Remig.

1152 5116 1239 5172 decem
1251 5116 1335 5171 anillie
1347 5114 1485 5188 legionum.
1509 5113 1584 5171 Alter
1595 5113 1673 5171 canto.
1688 5129 1721 5172 ao
1735 5115 1866 5184 Sanoua,
1882 5117 1948 5172 duo·

1152 5188 1234 5242 decim
1247 5189 1380 5259 ieqioncs:
1410 5194 1466 5241 tnta
1490 5200 1552 5241 erun
1570 5188 1665 5242 codiee
1680 5185 1741 5242 liat.
1757 5188 1817 5244 bas.
1833 5186 1949 5244 decretis

1151 5258 1301 5329 nnqeiornm
1313 5258 1457 5313 deducant,
1471 5255 1576 5313 Viderit
1588 5268 1678 5313 notata
1692 5257 1720 5313 int
1731 5258 1804 5314 Psal.
1813 5275 1870 5329 nrt,
1880 5277 1908 5315 n.
1918 5259 1946 5317 6.

1188 5328 1220 5401 (i)
1236 5330 1263 5384 lnn
1275 5328 1389 5398 vulgatis
1403 5369 1410 5394 ‚
1429 5344 1475 5383 aec
1488 5340 1592 5398 propter
1606 5330 1713 5384 nnortcm
1726 5331 1867 5398 amintas,
1886 5344 1915 5386 ut
1931 5347 1949 5388 tt

1151 5416 1178 5455 se
1204 5404 1376 5471 tentasset-atur
1398 5400 1469 5454 caiis
1481 5411 1576 5472 raqot:
1601 5402 1676 5457 locos
1688 5402 1800 5458 mutilos
1813 5417 1864 5473 one
1879 5417 1946 5460 nnss.

302 5469 450 5541 corporibus
464 5487 515 5524 nont
531 5472 671 5540 pectinant,
686 5486 718 5523 ec
730 5470 777 5525 illo
790 5480 938 5535 intonarunt,
954 5471 1059 5543 suntquis
1069 5480 1095 5526 et
1146 5471 1302 5527 resarcitus.

303 5556 391 5611 aqna:
417 5550 446 5595 ut
459 5543 582 5596 sciremus
596 5550 718 5611 qnantum
733 5545 768 5597 nti
781 5542 860 5597 ritant
874 5543 957 5598 ualeat
971 5552 1095 5614 potestas,

302 5626 361 5682 quoe
374 5612 399 5664 in
413 5627 520 5683 corpore
532 5612 663 5666 babilonii.

340 5680 375 5752 (1)
390 5681 508 5737 llas-rosis
531 5683 696 5738 infirmitatis
716 5684 868 5753 appellatur
890 5684 1005 5740 Ariana:
1032 5686 1096 5756 quia

303 5749 404 5804 Cltristi
416 5753 563 5807 seeundum
580 5752 723 5808 bunnanam
740 5766 861 5809 nutarent
884 5756 1051 5811 infirmitates
1064 5754 1097 5811 ad

306 5818 423 5877 tliritnatn
438 5820 584 5891 celerabat,
597 5832 626 5878 ut
635 5822 663 5878 in
678 5818 839 5895 argomento
850 5824 963 5897 bnqnsee
976 5826 1038 5885 libri
1051 5826 1098 5885 de·

1184 5540 1218 5612 (ι’)
1233 5543 1278 5598 Sic
1290 5557 1355 5597 mss.
1373 5543 1405 5596 bt
1421 5542 1486 5596 editi
1500 5585 1507 5606 ,
1524 5559 1577 5598 non
1594 5555 1687 5611 nosset,
1702 5545 1753 5599 nisi
1765 5561 1824 5600 enat
1840 5546 1946 5601 biberet.

1186 5611 1224 5686 (it)
1241 5612 1318 5685 alpad
1334 5613 1391 5676 Er„
1406 5611 1480 5682 qun.
1500 5625 1527 5668 et
1547 5613 1624 5677 Pam,
1652 5618 1739 5669 onmia
1759 5633 1833 5670 nota.
1862 5616 1949 5674 Abest

1150 5687 1238 5740 onnnia
1257 5702 1272 5739 a
1290 5684 1353 5739 lind.
1370 5694 1398 5739 et
1409 5698 1474 5740 nnss.
1502 5684 1569 5741 Tum
1589 5685 1664 5742 sulus
1678 5686 1764 5743 cadent
1779 5685 1874 5757 Cornu,
1902 5686 1948 5743 red

1151 5766 1174 5817 ct
1186 5773 1244 5810 curn
1255 5756 1303 5822 nit,
1318 5753 1460 5810 Preteriait
1473 5756 1540 5809 enim
1551 5756 1634 5827 qianto
1646 5756 1723 5832 btnjtts
1736 5759 1837 5814 mnndi.
1854 5762 1882 5818 ln
1898 5760 1948 5817 att·

1152 5820 1218 5899 quot
1231 5827 1292 5887 tiliis
1305 5834 1394 5885 exstat
1408 5822 1534 5898 transibit,
1551 5827 1606 5886 tnott
1619 5822 1747 5888 translata
