4209 6250
287 292 341 351 ibi
560 325 564 331 ·
888 279 1011 341 sancti
1035 275 1164 334 lllLdel
1189 273 1345 334 belsebul
1885 271 1941 330 536

287 411 350 468 bine
363 421 417 466 nou
429 408 590 464 calumnior.
604 402 675 460 blato
690 405 763 460 enim
778 400 881 473 aliquid
898 412 998 455 novum
1011 410 1084 453 com·
1098 392 1201 458 Alrnic
1214 393 1332 450 sermoni
1348 401 1443 450 nostro
1457 408 1511 450 nnn
1527 393 1677 465 irreligiose
1691 392 1851 448 inseremus.

286 517 464 569 memorasse,
478 513 559 573 quam
578 496 661 569 impie
674 495 822 567 respuisse.
836 491 1022 550 eraeuvmtssa
1034 491 1085 546 ita·
1176 504 1187 538 ι
1204 486 1347 543 Credimus
1361 486 1388 542 in
1403 501 1486 542 uuum
1497 485 1582 543 ileum
1596 495 1700 557 patrona
1709 484 1936 555 omnipotentem,

288 584 1086 669 quequaestionenovitatis,neintrisquidemresidetouaes-
1137 580 1258 637 omilium
1283 578 1427 634 visibilium
1448 585 1478 634 et
1499 577 1673 634 invisibilium
1694 577 1836 634 factorem.
1858 575 1894 631 Et
1910 576 1938 632 in

285 693 335 756 tio,
352 705 411 759 uum
426 687 562 744 communi
577 684 697 741 nutritium
709 691 831 739 nostrum
837 679 940 751 jndicio
955 677 1087 735 damuan-
1137 691 1220 731 unum
1236 674 1381 730 Donninum
1396 682 1517 730 nostrum
1531 672 1624 730 lesum
1634 673 1772 729 Christum
1783 672 1866 729 illium
1878 671 1938 741 liei,

287 793 343 837 tur.
363 779 430 847 Quis
451 778 523 833 enirn
548 792 621 832 same
649 777 747 831 mentis
763 774 870 830 tertiam
893 769 1084 834 substantiam,
1137 774 1230 821 natrtnt
1244 781 1277 821 er
1292 764 1373 821 Patre
1393 764 1571 836 urrigenitum,
1587 764 1640 819 boe
1660 773 1711 832 cst,
1731 765 1766 820 de
1787 764 1939 821 substantia

287 887 348 943 quiae
368 878 396 928 et
410 870 482 926 Patri
497 879 525 926 et
538 868 609 925 Filio
622 864 778 923 eorrrmnnis
791 866 837 927 sit,
850 860 1024 934 praedicabitl
1036 858 1086 915 llel
1137 854 1236 924 Patris,
1248 855 1333 911 Deum
1344 870 1378 911 er
1389 854 1455 919 Deo,
1473 856 1562 911 lumen
1576 869 1609 911 eu
1624 856 1737 921 lumine,
1749 855 1834 911 Deum
1846 870 1939 911 verum

285 965 347 1033 <puts
362 962 510 1019 secuudum
531 963 731 1026 samosateum,
751 957 778 1013 in
793 956 903 1011 Clrristo
921 962 1043 1020 renatus,
1060 962 1088 1008 et
1137 945 1172 1003 de
1192 946 1249 1002 Deo
1262 961 1336 1013 vero,
1362 959 1455 1003 natum
1476 961 1531 1004 non
1546 946 1657 1015 iactum,
1680 949 1760 1004 vuius
1780 948 1940 1004 substantie

287 1054 386 1111 Filium
397 1053 539 1110 confussus
553 1068 585 1107 ac
597 1052 717 1118 Patrem,
728 1047 799 1120 quod
812 1045 938 1102 Christus
950 1045 978 1100 in
990 1058 1021 1099 se
1035 1043 1087 1098 sibi
1137 1054 1200 1095 cunr
1219 1039 1310 1106 Patre,
1327 1038 1367 1111 (nt)
1383 1039 1455 1109 quod
1477 1054 1567 1111 graece
1586 1040 1679 1098 dicrnu
1699 1039 1872 1108 lromousion,
1892 1055 1941 1112 per

289 1156 317 1202 et
328 1156 404 1216 prater
418 1153 446 1202 et
459 1145 530 1201 lulius
545 1146 580 1199 sit
594 1141 789 1199 oonsstebitnrt
802 1140 854 1196 Par
867 1139 957 1211 itaque
978 1138 1006 1192 in
1020 1150 1088 1191 con·
1138 1147 1219 1203 ouem
1238 1131 1413 1205 omnialacta
1432 1141 1495 1190 sunt
1507 1148 1568 1205 quac
1587 1133 1614 1190 iu
1631 1134 1700 1191 ereio
1713 1142 1742 1190 et
1754 1134 1782 1189 iu
1796 1142 1882 1203 terra,
1894 1134 1941 1205 qul

291 1236 453 1294 dennnnndis
468 1235 651 1306 impietatibus
664 1233 854 1289 hereticorum
870 1239 963 1286 nostra
977 1240 1087 1285 senten·
1139 1235 1250 1299 propter
1260 1238 1380 1283 nostram
1386 1227 1501 1285 sulutem
1512 1228 1651 1285 deseermit
1661 1227 1707 1301 (e),
1719 1230 1936 1294 incarnatusest,

293 1329 328 1385 tia
343 1337 386 1384 est
402 1348 409 1384 :
425 1339 451 1384 et
471 1328 542 1386 liano
555 1325 690 1382 lauinousii
709 1322 913 1393 intelligentiam
930 1336 984 1377 non
1004 1319 1086 1377 ruodo
1140 1327 1168 1376 et
1182 1319 1264 1375 lrnruu
1277 1317 1519 1393 511inetusest,
1532 1332 1561 1377 ct
1576 1334 1670 1390 passus
1681 1329 1735 1386 est,
1747 1329 1777 1378 et
1789 1320 1940 1378 resurrexit

289 1422 404 1492 respuit,
420 1421 467 1477 sed
486 1427 515 1476 et
526 1420 592 1476 odit.
606 1418 689 1492 510
701 1419 790 1487 atoue
806 1418 841 1471 ita
857 1431 911 1469 nou
927 1412 1090 1485 relinquitur
1139 1414 1219 1468 tertia
1241 1412 1297 1478 die,
1316 1422 1345 1468 et
1362 1412 1504 1469 adscendit
1523 1414 1549 1469 in
1563 1413 1660 1480 eoelos,
1673 1422 1806 1470 venturus
1818 1413 1941 1485 judicare

289 1517 393 1572 vitiosae
409 1515 594 1585 intelligentiae
608 1512 733 1583 questio,
746 1509 792 1565 ubi
804 1510 833 1565 in
847 1507 904 1564 sitii
916 1505 1090 1563 damnatione
1139 1504 1216 1562 vivus
1235 1516 1262 1562 et
1276 1515 1407 1563 mortuos.
1424 1506 1459 1562 Et
1474 1507 1502 1561 in
1516 1505 1646 1575 spirltum
1670 1514 1806 1564 sanentur.
1821 1507 1875 1563 Eos
1893 1521 1943 1563 ou·

289 1607 442 1663 eommunis
452 1620 580 1662 assensus
593 1612 645 1659 cst.
1139 1605 1206 1662 torn,
1217 1598 1262 1669 qui
1275 1597 1380 1665 dicunt,
1395 1597 1459 1653 Erat
1474 1598 1581 1670 quando
1595 1613 1648 1654 nun
1662 1607 1731 1665 erat,
1747 1606 1775 1654 et
1786 1605 1849 1655 ante
1859 1612 1941 1669 quam
1964 1665 1974 1680 ⁶

325 1699 370 1754 85.
388 1697 463 1764 Quor
476 1698 545 1765 pico
561 1695 671 1750 Νίσαια
685 1692 784 1765 syuodo
805 1701 962 1760 surreptum,
977 1707 1029 1746 non
1044 1690 1089 1746 de·
1141 1700 1299 1747 nasceretur
1311 1704 1365 1746 non
1380 1698 1450 1759 erat,
1465 1700 1493 1746 et
1507 1690 1579 1761 quari
1590 1689 1625 1746 de
1638 1705 1692 1746 nou
1706 1689 1876 1746 exstantibus
1886 1690 1943 1746 lao-

290 1792 346 1845 brut
358 1789 510 1859 improbari.
524 1818 560 1829 -
570 1789 684 1848 tticturo
697 1797 788 1842 autem
809 1799 852 1841 nte
868 1782 975 1840 tarrdem
989 1781 1024 1838 de
1037 1789 1091 1836 ter·
1104 1784 1129 1844 Β
1144 1789 1186 1837 tus
1201 1789 1253 1849 est,
1274 1783 1315 1838 vel
1328 1798 1361 1837 ex
1376 1779 1428 1839 'alia
1440 1781 1590 1839 substantia
1612 1790 1659 1838 aut
1675 1782 1804 1850 essentia,
1819 1781 1944 1840 dicentes

289 1884 326 1938 tia
339 1883 501 1954 quastione,
516 1887 568 1937 oru‘
581 1893 638 1945 vos,
656 1878 751 1936 neubi
765 1891 819 1949 psa
837 1873 1014 1934 eonscientiae
1035 1881 1089 1939 est,
1142 1873 1348 1931 eurrvertibilem
1358 1883 1387 1930 ut
1399 1874 1590 1931 demutabilem
1601 1874 1686 1931 benna
1702 1892 1709 1929 :
1726 1873 1776 1930 laos
1786 1876 1945 1932 anatbenaa-

288 1974 326 2030 ibi
338 1976 374 2029 sit
390 1990 476 2045 pugna
490 1972 676 2042 suspicionum
691 1987 698 2024 ε
711 1982 799 2040 neque
816 1966 962 2039 quidquam
978 1980 1023 2022 nte
1036 1963 1090 2019 nisi
1143 1968 1210 2026 tiuat
1224 1966 1356 2023 catholica
1371 1966 1504 2024 Ecclesia.
1519 1986 1529 2021 a

289 2067 323 2121 ad
350 2066 462 2122 unitatis
489 2063 639 2135 proiectum
663 2060 786 2132 prolerre
810 2056 982 2115 existimetis.
1008 2057 1091 2112 lnane
1178 2058 1236 2115 Non
1252 2059 1295 2114 bie
1309 2059 1480 2115 sanctissima
1493 2059 1682 2131 religiosorum
1693 2060 1813 2117 virorum
1824 2060 1945 2131 synodus

289 2160 363 2215 enirn
385 2167 438 2224 est,
458 2154 722 2216 calumniamverbi
744 2152 948 2225 pertimescere,
976 2149 1021 2205 ubi
1045 2162 1091 2203 res
1143 2154 1331 2223 nescioquam
1346 2153 1475 2224 priorem,
1498 2169 1559 2225 qum
1573 2153 1600 2209 in
1621 2154 1690 2211 duos
1707 2154 1795 2210 divisa
1809 2156 1856 2223 sit,
1878 2156 1944 2211 sub·

290 2254 359 2322 ipsa,
384 2252 460 2322 euius
481 2251 594 2308 verbum
616 2257 669 2317 est,
691 2263 745 2303 non
763 2246 862 2303 babeat
887 2243 1088 2300 difficultatem.
1142 2247 1269 2302 etatulam
1283 2245 1441 2312 introducit,
1455 2246 1504 2302 sed
1523 2245 1621 2302 Filium
1636 2254 1729 2302 natura
1743 2246 1778 2303 de
1790 2246 1941 2303 subeuntia

289 2344 420 2416 Displicet
430 2345 555 2415 cuiquam
570 2344 596 2398 in
608 2340 714 2415 synodo
725 2339 835 2396 Nieaena
849 2336 1009 2395 homousion
1023 2350 1087 2392 esse
1143 2340 1241 2396 l’atris.
1266 2338 1400 2410 Numquid
1424 2347 1451 2395 et
1477 2352 1528 2394 nos
1553 2339 1702 2410 rvegamusl
1717 2347 1765 2394 aut
1783 2338 1848 2410 quivi
1870 2338 1944 2395 aliud

289 2437 469 2508 susceptum?
480 2435 540 2492 lloe
551 2437 574 2491 si
595 2436 638 2491 cui
654 2433 789 2504 displicet,
805 2432 910 2502 placeat
924 2444 1037 2487 neeesse
1049 2437 1093 2484 est
1142 2432 1323 2489 conburitur?
1335 2431 1369 2487 bt
1383 2440 1444 2503 post
1457 2439 1570 2488 caurus
1591 2432 1743 2488 eommunis
1755 2430 1817 2488 lldei
1837 2433 1945 2503 exposi-

290 2529 362 2604 qnorl
377 2530 411 2585 ab
426 2528 464 2602 (u)
477 2527 549 2584 atriis
563 2526 599 2582 sit
609 2533 745 2597 negatum.
760 2524 892 2595 lieentum
905 2522 976 2578 enim
990 2520 1092 2577 idcireo
1144 2527 1232 2581 tiones
1255 2524 1303 2591 uit,
1327 2523 1449 2580 «Natum
1475 2539 1528 2580 non
1548 2522 1660 2590 loetum,
1689 2523 1769 2581 unius
1786 2523 1945 2580 substantiae

290 2632 332 2678 est
346 2620 517 2684 luomnusion,
532 2635 567 2676 ne
579 2634 614 2674 ex
630 2617 781 2674 substantia
806 2616 854 2672 liei
867 2616 952 2687 patris
974 2615 1047 2670 beus
1062 2613 1093 2668 ll·
1143 2630 1204 2672 cuvu
1216 2615 1307 2681 Patre,
1318 2615 1390 2687 quod
1406 2630 1494 2685 mauce
1507 2616 1602 2672 dicunt
1615 2616 1787 2672 lrumousiun.
1801 2635 1812 2670 r
1827 2614 1945 2685 Qumbic

293 2715 347 2773 lius
363 2724 453 2782 natus,
469 2713 517 2770 sed
538 2710 686 2768 secundum
704 2720 843 2766 creaturas
855 2723 890 2765 ea
904 2706 991 2763 aibilo
1004 2705 1094 2768 condi·
1145 2709 1250 2764 vitiosae
1265 2707 1452 2779 intelligentiae
1462 2707 1570 2764 occasio
1583 2708 1642 2764 esti
1655 2707 1739 2763 Natus
1751 2722 1812 2765 esse
1825 2707 1861 2764 de
1879 2707 1946 2765 sub-

293 2818 338 2863 tus
362 2806 568 2878 prediceretur.
589 2803 661 2860 llibil
686 2818 786 2860 novum
807 2801 954 2874 loquimur,
971 2799 1092 2870 pluribus
1144 2800 1243 2857 stantia
1258 2800 1348 2857 Patris
1361 2800 1455 2869 Filius,
1473 2816 1527 2858 non
1542 2800 1627 2857 tactus
1639 2801 1802 2874 praedicatur
1817 2819 1824 2855 ε
1839 2815 1874 2858 ne
1896 2816 1946 2856 na·

291 2899 363 2956 edita
377 2898 474 2954 litteris
488 2896 548 2968 ipsa
561 2896 689 2952 Ariorum
702 2894 815 2965 pertidia
830 2892 882 2950 sibi
898 2892 977 2954 testis
989 2901 1042 2947 est.
1064 2890 1092 2947 Si
1144 2896 1235 2954 tivitas
1247 2895 1407 2956 diuinitatis.
1422 2895 1526 2952 lactura
1547 2896 1583 2951 sit
1603 2896 1758 2952 creationis.
1771 2894 1872 2953 {dureo
1892 2910 1945 2952 au·

291 3000 402 3061 propter
416 2990 573 3059 negantium
598 2986 765 3057 impietatem
790 2985 835 3055 pia
850 2995 907 3039 tum
920 2982 971 3039 luit
993 2981 1093 3038 intelli·
1145 2994 1199 3042 tenu
1212 2988 1289 3044 unius
1302 2988 1473 3043 substratio:
1487 3002 1541 3043 non
1560 2996 1592 3043 ιιι
1605 3003 1675 3044 uuus
1688 2989 1817 3045 subsistat
1838 2997 1886 3045 sut
1897 3004 1945 3044 so-

290 3081 383 3154 pentla
410 3081 605 3146 confluentum:
630 3094 722 3151 quero
742 3094 791 3136 cur
811 3078 892 3135 bodie
912 3076 1091 3145 convellatur,
1144 3077 1198 3145 lus,
1217 3078 1264 3136 sed
1281 3090 1309 3135 ut
1323 3095 1358 3136 ex
1376 3079 1525 3138 substantia
1542 3080 1589 3137 liei
1603 3091 1683 3137 natus
1696 3094 1752 3137 non
1762 3078 1870 3137 aliunde
1882 3079 1946 3137 sub-

293 3174 366 3247 quod
382 3184 438 3230 tum
450 3176 494 3244 pie
509 3181 664 3244 susceptura
681 3181 734 3240 est,
748 3173 812 3244 quia
823 3171 905 3244 impie
922 3171 1090 3243 negabatur?
1105 3185 1128 3250 C
1144 3173 1246 3235 sistat,
1275 3188 1362 3245 neque
1381 3181 1410 3228 nt
1436 3174 1464 3229 in
1491 3174 1578 3245 ntiqna
1606 3172 1763 3229 dissidentis
1787 3172 1945 3230 substantias

291 3269 320 3325 Si
335 3267 380 3339 pie
401 3275 558 3336 susceptum
572 3274 615 3322 est
631 3279 699 3321 :cur
721 3265 795 3320 veuit
808 3264 968 3321 constitutio
982 3264 1091 3334 pietatis
1143 3264 1300 3322 diversitate
1320 3265 1460 3323 subsistat.
1483 3267 1538 3322 but
1560 3266 1690 3338 numquid
1718 3281 1774 3322 non
1794 3266 1852 3322 baec
1878 3265 1945 3322 tides

290 3360 318 3415 in
332 3359 447 3423 crimen,
472 3374 533 3430 quse
551 3359 716 3427 irnpiecutem
737 3360 781 3428 pie
800 3372 850 3428 per
868 3373 900 3414 ea
915 3357 974 3428 ipsa
993 3356 1092 3427 quibus
1144 3366 1236 3414 nostra
1252 3366 1303 3425 est,
1324 3367 1353 3412 ut
1365 3374 1418 3414 nou
1433 3358 1542 3415 aliunde
1560 3360 1701 3426 subsistat,
1715 3373 1805 3431 tneque
1816 3358 1888 3429 quod
1900 3358 1943 3414 in-

291 3451 329 3525 (l)
345 3450 506 3529 impiabatur
519 3449 665 3507 exstinxit?
1143 3450 1282 3507 dissiunlis
1301 3450 1448 3508 subsistat?
1471 3450 1525 3507 but
1546 3452 1620 3507 aliud
1637 3452 1682 3508 bic
1703 3460 1821 3508 testatur
1832 3451 1945 3508 bumon-

327 3546 372 3602 st.
388 3543 720 3627 Nicouoerpnodircupur.
733 3543 887 3616 Symbolum
898 3542 1092 3600 Nicuuum.-
1144 3546 1215 3609 sion,
1237 3559 1318 3616 quarn
1335 3555 1364 3600 ut
1382 3561 1434 3601 una
1457 3553 1538 3616 atoue
1558 3543 1727 3602 indissimilis
1747 3545 1830 3621 duum
1854 3544 1890 3600 sit
1902 3558 1947 3602 se·
2012 3592 2020 3609 ,

292 3638 439 3696 vicetinus
450 3637 532 3708 igitur
550 3637 613 3707 quiid
626 3622 735 3694 Nicaena
755 3638 877 3710 synodus
888 3637 924 3711 tc)
947 3639 1091 3707 studuerit,
1144 3640 1262 3697 cundum
1286 3652 1388 3697 uatuuu
1408 3639 1443 3714 (l)
1461 3641 1615 3712 progeniem
1630 3641 1760 3708 essentia,
1775 3640 1838 3711 quia
1852 3653 1947 3697 essem

294 3730 469 3796 bomousion,
487 3728 664 3795 adornantur
677 3728 835 3786 substantia
849 3729 1005 3787 conlitendo
1019 3747 1091 3788 :raon
1146 3735 1182 3789 tia
1196 3733 1258 3790 Filii
1274 3748 1328 3790 non
1343 3734 1379 3788 sit
1391 3732 1520 3789 aliunde?
1533 3732 1599 3800 Qun
1614 3732 1674 3803 quia
1694 3731 1803 3789 aliunde
1818 3747 1872 3789 uon
1890 3739 1945 3800 est,

294 3826 388 3897 ntique
409 3824 534 3880 traresim
554 3824 701 3895 parturire,
717 3839 777 3896 quae
792 3822 827 3879 ue
842 3823 976 3880 homousii
996 3826 1093 3881 vitioso
1142 3830 1223 3887 unius
1235 3839 1308 3886 reete
1320 3843 1381 3886 esse
1395 3828 1476 3884 aurnbo
1489 3827 1634 3884 credentur
1648 3828 1791 3894 essentiam
1805 3826 1868 3899 quia
1880 3825 1946 3883 sub-

292 3918 420 3989 opinione
438 3914 600 3985 coneipitur.
621 3915 692 3979 Non,
713 3916 822 3986 opinor,
842 3915 909 3971 illud
934 3916 1091 3986 loquentur,
1144 3921 1271 3978 etatulam
1285 3919 1433 3977 nativitatis
1444 3919 1528 3976 Filius
1538 3934 1592 3977 nun
1603 3918 1703 3976 babeat
1713 3918 1765 3976 uisi
1778 3919 1813 3975 de
1826 3927 1945 3990 paternae

290 4012 363 4083 qood
385 4024 467 4064 tunam
485 4009 651 4067 anteriorem
673 4010 852 4066 substantiam
867 4009 948 4067 Pater
963 4022 989 4066 et
1006 4011 1092 4067 Filius
1143 4015 1305 4071 anctoritate
1319 4023 1432 4069 naturae.
1848 4068 1851 4074 .

291 4104 318 4159 iu
337 4102 516 4160 substantiam
529 4116 606 4158 suant
623 4100 766 4173 partiendo
785 4100 940 4158 diviserint.
958 4102 992 4158 Et
1003 4102 1091 4174 ipsam
1180 4106 1225 4163 85.
1242 4105 1402 4163 Hunrrousiun
1421 4122 1483 4160 num
1496 4104 1706 4177 irnproionduru,
1719 4104 1881 4178 munitiore
1900 4119 1945 4158 so-

287 4196 396 4269 quidem
412 4196 538 4268 religiose
552 4204 608 4253 tum
633 4194 761 4266 scriptam
782 4194 875 4262 iidem,
892 4211 963 4252 nune
984 4211 1093 4268 quoque
1143 4200 1194 4257 leot
1217 4202 1337 4274 inntettipi.
1355 4200 1454 4259 -Sed
1474 4199 1544 4258 burte
1566 4215 1582 4258 e
1604 4201 1742 4257 contrario
1764 4200 1880 4266 dicetur,
1900 4199 1944 4255 id·

288 4376 319 4417 n.
330 4360 365 4414 lt
378 4366 406 4414 et
420 4358 465 4425 ta,
490 4359 517 4413 in
533 4356 607 4427 ipsos
626 4354 770 4411 baereticae
790 4353 892 4422 praviter
909 4360 1089 4422 retorquent:
1145 4359 1257 4421 ᾰσιθιῑν,
1283 4355 1320 4412 iit
1334 4367 1387 4420 est,
1415 4356 1581 4428 impietatem
1598 4373 1690 4428 agere,
1706 4356 1851 4415 confictum
1867 4357 1945 4415 ride·

289 4430 390 4502 quippe
402 4430 447 4500 qui
462 4438 566 4499 patrem
581 4426 677 4483 dixere
700 4426 853 4498 inpruitunr,
868 4423 965 4479 Filiuuv
979 4439 1044 4480 vero
1060 4441 1092 4480 er.
1146 4438 1200 4485 tur.
1219 4428 1305 4484 Porro
1329 4427 1395 4485 illud
1416 4428 1572 4498 baptizeretur
1591 4429 1626 4484 ad
1647 4428 1798 4487 Samosatei
1818 4430 1943 4486 ltaeresim

288 4518 342 4558 aon
355 4509 422 4563 ente.
434 4508 462 4555 el
475 4516 528 4554 nen
541 4500 622 4571 {situ
632 4498 705 4582 prius
716 4513 794 4566 emm
811 4505 1008 4579 carceratum-et
1022 4495 1091 4550 alias
1145 4500 1241 4557 reterri
1255 4500 1399 4556 cnmrrvode
1410 4509 1511 4571 queat:
1526 4509 1554 4556 nt
1568 4514 1620 4569 qua
1630 4500 1676 4557 ille
1690 4515 1758 4557 roee
1771 4500 1842 4557 nude
1856 4511 1943 4572 posrta

288 4587 372 4629 voees
382 4570 572 4640 excogitarunt
581 4569 730 4640 seripturis
743 4583 853 4640 prorsus
867 4576 1027 4636 incognitas.
1038 4565 1132 4627 lle-D
1146 4571 1310 4642 impietatem
1326 4587 1402 4626 suam
1418 4571 1588 4638 enuntiabat,
1602 4586 1634 4627 ea
1649 4572 1707 4640 ipsa
1717 4572 1847 4642 peratiae
1860 4586 1943 4643 supe·

289 4659 362 4710 rum,
377 4651 407 4699 nt
420 4640 683 4707 docetllrbanasius‚
693 4639 739 4694 lib.
751 4637 893 4709 deSpnod.
907 4637 1005 4707 pllld,
1015 4636 1090 4691 Hilt-
1142 4645 1229 4700 riures
1245 4642 1368 4713 exposita
1386 4643 1443 4698 Arii
1459 4644 1626 4713 impietatem
1640 4641 1748 4698 Nucuna
1763 4642 1883 4715 synodus
1892 4659 1945 4699 er·

289 4716 331 4772 rio
346 4723 439 4770 nostro
449 4712 494 4769 hie
505 4714 681 4782 suffragante,
696 4709 798 4765 nituit
810 4711 898 4780 refert,
911 4710 934 4762 εἰ
946 4709 1003 4778 etit
1015 4722 1090 4764 ”vtes
1140 4714 1276 4771 stiuxerit.
1293 4712 1349 4769 Nisi
1364 4713 1433 4768 lorte
1456 4714 1517 4784 quis
1532 4713 1626 4769 mallet
1653 4714 1697 4771 laic
1721 4715 1805 4771 alludi
1824 4714 1858 4770 ad
1883 4729 1944 4770 eam

287 4788 317 4841 in
332 4786 470 4857 Scriptura
483 4801 535 4839 narr
546 4791 662 4854 repertor
675 4789 792 4850 usurpet,
808 4796 884 4850 qurum
904 4779 949 4832 diu
963 4779 1019 4848 pias
1030 4795 1088 4833 serr·
1141 4786 1286 4849 ratiurvem,
1302 4799 1355 4854 arua
1377 4799 1471 4841 vocem
1496 4785 1657 4841 homousion
1681 4783 1811 4843 aduersus
1833 4786 1942 4841 Eavsebii

289 4857 391 4923 tentius,
415 4855 602 4925 complectitur.
627 4851 723 4908 Contra
742 4851 991 4932 baereticusntoruetar'
1015 4866 1089 4904 nuces
1140 4857 1259 4926 aegiptius
1272 4855 1369 4911 Nicrum
1381 4865 1536 4925 susceptam
1556 4867 1649 4912 narrar
1667 4855 1838 4925 Ambrosius,
1851 4855 1898 4913 lib,
1913 4871 1943 4913 tut

287 4944 350 4983 surr
372 4943 387 4981 e
407 4928 489 4982 sacris
512 4926 605 4980 litteris
632 4933 749 4993 usurpet,
767 4921 936 4975 tribilouuaur
958 4931 1091 4989 suspectus
1141 4926 1253 4985 deiide
1264 4941 1291 4983 c.
1306 4927 1352 4992 15,
1368 4941 1395 4980 n.
1413 4924 1473 4993 lib,
1490 4928 1560 4997 quod
1577 4931 1666 4983 miuus
1677 4928 1817 4998 probabile
1833 4936 1886 4983 est.

288 5000 426 5071 usuum
439 4992 831 5065 comprnsapurnasprnu,
844 4992 1089 5097 oppressurum
1181 5018 1217 5090 (ι)
1237 5016 1267 5072 n
1286 5017 1412 5088 purgans,
1437 5018 1565 5074 stirpare.
1586 5017 1685 5074 terius
1701 5033 1767 5074 mss.
1791 5018 1943 5077 sinuum.-

283 5067 520 5151 52⁸151¹⁸¹²⁸¹²¹⁶⁰f·⁹,
728 5137 735 5150 .
773 5135 780 5148 .
987 5148 994 5163 ,
1047 5132 1053 5144 .
1142 5104 1204 5147 cunr
1220 5104 1273 5146 non
1288 5099 1341 5145 tarn
1357 5098 1493 5173 quereretur
1512 5104 1547 5146 an
1564 5089 1726 5146 homousion
1743 5098 1874 5148 statuturo
1893 5092 1940 5161 sit,

325 5139 363 5213 (a)
379 5141 477 5197 Exeust
492 5138 548 5201 bre,
597 5136 631 5192 ed
644 5137 676 5192 ob
688 5137 793 5191 Auente
804 5142 841 5190 ert
854 5143 992 5206 nepotum,
1004 5143 1033 5190 et
1047 5148 1088 5189 tn·
1141 5176 1223 5232 qum
1234 5176 1287 5232 quo
1301 5161 1427 5217 ΜΗΘ,

287 5212 340 5276 ira,
365 5213 546 5267 adanorum:
576 5208 782 5265 issentientibus
805 5220 872 5263 ross.
896 5205 941 5261 Sic
966 5211 994 5259 et
1018 5205 1090 5274 apud

288 5282 468 5340 Pboebadium
479 5281 547 5345 Arii,
563 5296 616 5335 nun
630 5281 722 5335 Ariani
733 5286 932 5405 nuncuganmr.
947 5275 1091 5343 Quonrodo
1156 5323 1163 5342 ,
1179 5253 1344 5339 (dipffltl'wl
1363 5269 1430 5310 ⁰¹⁸⁵·
1446 5264 1477 5339 Ψ
1487 5253 1650 5326 Fiissfflssnw
1669 5270 1699 5322 ¹¹2
1722 5248 1798 5310 num.
1811 5254 1858 5321 27,
1873 5256 1941 5326 popu

289 5348 808 5418 munatius·ipamhanaspufflibpe
842 5363 888 5421 yn·
922 5346 1090 5413 ‚920'id0m
1141 5324 1226 5381 brou
1241 5325 1503 5382 dreuutbcmnuuoa.
1520 5326 1777 5382 llaecautenrverba
1792 5325 1941 5382 nonhabet

287 5425 449 5482 vocabulum
460 5423 620 5480 homousion
634 5433 708 5479 reete
716 5431 745 5479 et
758 5421 793 5478 ab
804 5364 973 5476 tntioessena
984 5417 1090 5491 synodo
1141 5396 1279 5467 ⁰¹⁰¹¹¹bltr
1294 5395 1376 5454 Corb.
1402 5397 1506 5482 §uculo
1528 5405 1605 5481 sextu
1625 5408 1781 5481 exaratum,
1801 5397 1874 5482 ‘1⁰9⁶
1890 5399 1941 5454 ¹¹⁰⁰

288 5506 387 5552 mm
408 5497 595 5554 smmum
615 5494 758 5565 ,ej-mmm,
781 5502 809 5547 e,
832 5489 976 5548 alumna
994 5500 1090 5544 comm
1141 5466 1299 5541 Symbolum
1310 5483 1371 5524 eum
1380 5469 1441 5525 altus
1452 5477 1762 5540 antiquumununrentrs
1772 5477 1903 5526 eorrtrnet.

289 5567 406 5624 Arianos
424 5576 579 5637 susceptum
599 5568 696 5637 probat
710 5580 744 5621 er
758 5578 843 5635 scopo
865 5563 1006 5629 utriusque
1021 5575 1088 5617 con·
1176 5559 1213 5633 (e)
1227 5558 1338 5616 llddunt
1350 5561 1427 5626 editi,
1441 5562 1473 5618 de
1485 5561 1555 5618 ecelis
1566 5578 1575 5616 ι
1586 5561 1660 5634 quod
1675 5576 1761 5633 neque
1776 5562 1821 5620 bic
1830 5560 1858 5618 in
1872 5578 1938 5619 mss.

289 5638 355 5693 eiiii.
1141 5641 1238 5699 exstat,
1259 5646 1346 5701 tneque
1366 5632 1419 5687 Fra
1439 5642 1530 5690 mento
1545 5649 1576 5699 n,
1591 5648 1680 5705 neque
1699 5632 1771 5705 apud
1784 5633 1938 5692 Luciicruna

326 5709 365 5777 (tl
378 5708 423 5765 Sic
438 5724 505 5764 mss.
522 5707 593 5764 Editi
608 5722 684 5775 vero,
700 5707 865 5778 inspiciatur.
881 5703 970 5760 Verbo
984 5704 1089 5776 inspirari
1140 5702 1187 5758 lib.
1204 5702 1237 5756 vlu
1251 5717 1303 5758 raon
1318 5648 1462 5774 parcenffo,
1479 5716 1532 5761 etc.

292 5784 357 5835 esus
383 5790 426 5836 est
452 5779 560 5836 Plautus
581 5796 588 5833 r
608 5777 680 5848 quud
703 5780 812 5850 quidem
837 5776 870 5833 ad
896 5776 981 5834 instar
1005 5775 1088 5845 preci
1176 5773 1212 5846 tl)
1227 5773 1266 5830 lta
1279 5789 1356 5843 rursu,
1375 5775 1420 5833 ubi
1433 5775 1599 5851 involueris,
1613 5777 1795 5849 promptum.
