4209 6250
305 271 359 331 255
907 264 1031 329 stucut
1050 266 1179 326 illhhtttt
1201 268 1354 328 urtscotu
1909 272 1964 330 iil

206 389 210 396 '
306 386 372 457 dea,
387 386 427 463 (ι)
439 384 487 443 sed
500 385 650 459 apostolica
662 382 834 453 arrotrrritnte,
848 397 909 441 eura
920 383 1018 440 dieitur
1033 400 1040 439 :
1057 383 1111 441 Seri
1123 387 1149 449 Α
1162 386 1251 461 dilipet
1276 404 1345 450 euru,
1359 399 1384 445 et
1396 389 1430 443 ud
1449 404 1507 447 enus
1520 391 1659 457 muniemus,
1675 398 1700 445 et
1712 389 1873 447 mansionem
1894 390 1967 462 opud
2031 458 2035 465 ¹

307 479 357 536 itoo
370 488 418 548 est,
433 478 653 551 quoddiotumest
668 493 714 548 por
727 476 891 548 prophetam,
901 474 957 531 Erit
967 476 994 531 in
1004 475 1114 531 nouissi-
1165 495 1223 534 eum
1243 478 1366 550 sodomus
1381 478 1485 553 (loom,
1503 497 1560 549 xm,
1573 480 1632 554 25).
1650 481 1702 538 Per
1715 480 1742 538 id
1755 481 1839 552 enim,
1858 481 1964 555 Spiritu

307 575 357 630 mis
367 572 467 641 diebus,
484 573 547 628 dicit
566 570 704 637 Dominus,
718 570 852 639 effururlom
862 571 894 626 de
905 571 1006 641 spirim
1016 587 1073 627 meo
1086 571 1114 626 in
1163 568 1266 628 Christi
1281 572 1308 627 iu
1324 572 1405 629 nohis
1420 583 1557 638 manente,
1570 575 1618 630 Ilei
1631 575 1761 646 Spiritum
1777 576 1804 630 in
1817 576 1896 632 nohis
1907 592 1968 635 ma·

308 681 410 721 omnem
430 680 544 728 earnem.
557 672 580 719 st
600 662 785 737 prophetabunt
798 663 849 737 filii
862 680 951 719 eornm
961 674 984 719 et
997 660 1061 735 filiu*
1071 679 1114 720 eo·
1164 677 1229 720 nere
1244 673 1359 721 testatus
1374 674 1426 727 est,
1441 681 1492 723 nce
1513 667 1649 723 diuersum
1671 682 1687 724 a
1714 681 1745 725 se
1759 682 1821 725 esse
1834 669 1966 740 Spiritum

308 777 365 817 rom
390 758 459 829 (det.
475 774 505 827 ιι,
521 757 565 826 tu,
582 755 665 830 sequ.)
686 759 720 814 Et
733 767 947 814 consummatum
962 756 1014 814 hoc
1027 768 1112 813 toturn
1163 759 1305 814 amortuis
1317 758 1359 829 (ὅ)
1373 760 1481 815 excitati
1493 758 1529 833 (o)
1545 769 1573 816 et
1586 760 1717 830 Spiritum
1735 761 1879 820 amortuis
1893 763 1969 822 exei-

307 853 391 909 iuisse
406 852 433 906 ia
452 848 591 921 Apostolis
603 850 724 919 ducetur,
733 866 795 907 conr
808 853 893 908 misso
906 851 1008 923 Spiritu
1018 861 1113 909 saneto
1165 852 1378 909 tantislerriurrt
1390 853 1474 920 cuim,
1487 865 1569 925 atque
1579 852 1700 909 habitam
1710 855 1735 910 in
1748 854 1826 911 uobis
1839 872 1846 909 ι
1857 865 1885 912 ει
1898 872 1966 929 rogo

308 961 404 1003 auritos
414 944 453 1020 (o)
464 945 562 1017 linguis
575 947 695 1016 gentium
709 955 773 1002 sunt
784 946 877 1003 locuti.
1164 957 1253 1001 utrum
1265 942 1305 1017 (ι)
1321 942 1361 1017 (d)
1376 946 1503 1002 comitatu
1516 945 1701 1002 diversitatum
1713 947 1831 1014 venient,
1847 951 1966 1006 mansio·

343 1038 389 1096 96.
406 1036 438 1094 in
450 1038 524 1094 nobis
538 1049 576 1094 est
596 1039 677 1100 Deus.
688 1057 746 1094 eum
769 1036 887 1094 Christus
899 1055 979 1106 ‚mum
999 1039 1113 1111 spiritns
1165 1055 1281 1111 nenrque
1292 1039 1401 1102 taciem.
1417 1055 1450 1094 an
1466 1039 1568 1096 unitate
1583 1041 1699 1096 nutura?
1709 1039 1762 1097 Sed
1775 1041 1906 1099 obnititur
1919 1042 1970 1100 do·

308 1130 415 1199 Christi,
427 1130 543 1202 Spiritus
559 1129 617 1186 Dei.
632 1129 697 1186 Filii
711 1139 735 1186 et
748 1129 836 1186 Patris
845 1144 938 1186 uoturo
948 1131 1113 1188 oon-ttae
1164 1131 1368 1201 mongontiam,
1385 1146 1439 1187 uon
1452 1131 1520 1187 duos
1534 1132 1657 1202 spiritus.
1673 1132 1721 1188 hei
1736 1133 1841 1190 scilicet
1851 1135 1968 1192 etChri·

307 1231 400 1279 auteur
427 1221 530 1280 ideireo
556 1231 620 1279 suut
646 1223 829 1280 demonstrata
862 1223 1112 1292 rossemannum
1164 1225 1209 1292 sti,
1226 1226 1277 1286 sed
1289 1228 1419 1297 Spiritum
1436 1228 1549 1295 Christi,
1564 1229 1608 1299 qui
1628 1236 1655 1283 et
1667 1228 1784 1300 Spiritus
1797 1228 1845 1285 Ilei
1859 1239 1912 1296 est,
1925 1231 1968 1286 irr-

309 1330 510 1388 ouameumque
524 1331 554 1372 se
568 1314 633 1371 lieet
648 1328 750 1388 partern
764 1316 890 1372 lraaretica
902 1315 1005 1372 saisitus
1017 1327 1115 1374 contu·
1147 1356 1148 1361 κ
1164 1334 1225 1376 esse
1236 1320 1424 1377 credentibus.
1440 1320 1501 1377 Noa
1525 1329 1567 1377 est
1588 1321 1765 1389 cohabitatio,
1777 1322 1825 1378 sed
1839 1322 1970 1381 habitatio

309 1411 398 1477 iisset,
413 1410 511 1466 smihus
525 1419 614 1465 tumen
629 1419 710 1482 atquc
725 1410 883 1482 praescripto
895 1411 1017 1466 ueritatis
1028 1425 1111 1468 eran·
1165 1420 1226 1469 ost:
1243 1412 1293 1467 sub
1303 1422 1472 1468 sacramento
1494 1422 1583 1469 tamen
1604 1412 1814 1471 cohabitationis
1827 1412 1970 1484 hahitatio,

309 1504 404 1577 gelicae
415 1501 635 1558 concluderetur.
648 1502 755 1558 ilabitat
765 1503 837 1558 enirn
849 1502 876 1557 ia
889 1502 968 1558 nohis
978 1501 1112 1560 Christus:
1164 1506 1229 1563 dum
1251 1523 1339 1581 ueqrre
1354 1507 1408 1564 duo
1423 1508 1458 1579 (s)
1475 1508 1608 1574 habitant,
1625 1523 1712 1580 neque
1727 1508 1762 1565 ab
1774 1508 1828 1563 aliu
1840 1509 1969 1568 diversus

309 1608 338 1654 et
352 1597 490 1653 habitante
504 1595 624 1665 Christo,
641 1595 742 1652 habitat
756 1596 837 1652 Deris.
853 1594 958 1652 Etcum
973 1595 1113 1654 habitatin
1165 1598 1361 1657 habitatorest.
1376 1600 1426 1657 Est
1440 1602 1512 1657 euim
1527 1602 1554 1657 iu
1569 1602 1648 1658 uolris
1661 1601 1780 1673 Spiritus
1792 1602 1851 1669 [lei.
1863 1602 1910 1659 sed
1926 1610 1971 1659 est

309 1695 389 1751 nohis
400 1694 516 1767 Spiritus
527 1691 627 1750 Christi
642 1711 650 1761 ;
665 1693 803 1752 habitante
818 1702 910 1749 tamen
921 1693 947 1748 in
962 1693 1039 1750 nobis
1049 1693 1112 1765 Spi·
1166 1691 1193 1747 in
1208 1691 1288 1749 nobis
1299 1693 1416 1764 Spiritus
1429 1691 1533 1749 Christi
1549 1711 1556 1749 :
1570 1704 1598 1750 et
1611 1710 1671 1750 cunt
1685 1695 1803 1767 Spiritus
1813 1692 1913 1750 Christi
1928 1695 1972 1750 ia·

309 1787 364 1843 ritu
377 1785 475 1844 Christi
492 1828 500 1853 ‚
518 1801 571 1843 uon
594 1786 667 1843 alius
682 1796 771 1843 tannen
785 1786 895 1856 spiritus
908 1786 1022 1854 habitat,
1033 1802 1114 1859 qurum
1130 1787 1154 1849 B
1167 1798 1219 1851 est,
1233 1789 1304 1845 inest
1317 1789 1436 1860 Spiritus
1445 1789 1503 1845 Dei.
1517 1789 1556 1845 lta
1572 1804 1633 1845 curn
1644 1788 1716 1860 quod
1729 1788 1778 1845 Dei
1788 1796 1840 1855 est,
1851 1797 1879 1845 et
1890 1788 1971 1844 Chri-

313 1878 430 1951 Spiritus
443 1878 502 1935 bei.
513 1878 589 1948 Quod
610 1878 633 1934 si
648 1893 696 1948 per
710 1878 838 1948 Spiritum
853 1886 976 1933 sanetum
990 1878 1115 1935 Christus
1166 1882 1200 1938 sti
1213 1891 1276 1950 est;
1292 1893 1319 1938 ει
1333 1896 1394 1939 curn
1408 1881 1479 1953 quod
1494 1879 1596 1937 Christi
1611 1892 1663 1949 est,
1679 1881 1727 1937 ilci
1740 1890 1782 1936 est
1795 1899 1801 1934 :
1816 1897 1868 1937 non
1880 1890 1972 1954 potest

309 1968 336 2026 in
352 1973 429 2027 nabis
445 1985 508 2028 esse
532 1954 701 2044 intelligitur,
716 1971 787 2026 huno
808 1979 899 2027 taurea
925 1971 962 2026 ita
983 1970 1113 2044 Spiritum
1166 1975 1239 2032 aliud
1250 1976 1312 2047 quid
1328 1975 1464 2033 diuersum
1477 1975 1511 2047 (s)
1525 1975 1648 2031 Christus
1658 1989 1729 2041 esse,
1743 1989 1823 2046 quam
1836 1973 1970 2031 boussut.

309 2064 368 2128 Ilei,
380 2076 409 2120 ut
419 2062 552 2132 Spiritum
565 2063 666 2120 Christi
680 2066 916 2122 essenoscerrdunr
929 2074 981 2122 est.
993 2063 1112 2136 Etcum,
1166 2068 1238 2125 licus
1251 2069 1331 2141 igitur
1343 2067 1466 2125 Christus
1476 2065 1615 2142 estidllp)
1624 2081 1763 2123 unusoum
1773 2065 1827 2120 lieo
1839 2065 1969 2136 Spiritus.

311 2155 351 2228 (Ξ)
369 2156 405 2230 (ir)
422 2166 604 2229 permutatam
620 2157 660 2214 rei
681 2168 776 2214 nutura
791 2157 847 2227 ipsu
859 2157 961 2214 habitet
976 2159 1002 2214 in
1015 2158 1112 2228 uobis;
1201 2163 1246 2221 28.
1263 2163 1355 2218 Anioni
1367 2180 1383 2218 o
1396 2160 1499 2232 Spiritu
1519 2170 1609 2216 sancto
1634 2159 1713 2215 alieni
1732 2158 1864 2215 Christum
1888 2156 1971 2212 Deum

310 2248 468 2306 indifferens
482 2259 578 2305 natura
601 2249 664 2306 Filii
688 2266 750 2308 esse
775 2251 901 2308 credetur
915 2266 930 2306 a
945 2251 1036 2321 Patre,
1051 2267 1113 2308 ειιιιι
1165 2267 1270 2331 nepum,
1283 2265 1400 2312 ettorrrerr
1412 2255 1549 2310 colunt-
1563 2253 1598 2309 iit
1613 2251 1680 2309 illud
1695 2252 1879 2323 evangelicum
1892 2266 1898 2304 :
1912 2248 1970 2322 Epo

310 2342 430 2414 Spiritus
455 2354 579 2413 sanctus,
594 2347 640 2417 qui
655 2354 683 2402 et
708 2345 825 2416 Spiritus
843 2345 944 2402 Christi
957 2356 984 2401 ει
997 2345 1113 2416 Spiritus
1165 2358 1188 2404 et
1202 2347 1280 2403 Pater
1293 2365 1372 2403 nnrou
1389 2363 1478 2402 somus
1492 2344 1597 2417 (loom,
1613 2362 1643 2412 x,
1656 2344 1714 2417 ab),
1729 2344 1809 2401 docet
1823 2343 1970 2414 Apostolus

310 2430 359 2492 Dei
373 2444 425 2504 est,
440 2451 485 2492 res
506 2445 610 2493 naturae
623 2452 685 2494 esse
698 2438 899 2495 demonstretur
911 2439 1001 2495 unias.
1015 2438 1113 2509 Quare
1168 2442 1299 2496 ueritatem
1313 2454 1373 2495 csse
1387 2449 1501 2508 natura,
1513 2454 1567 2494 uon
1578 2436 1755 2495 solitudinem
1768 2436 1886 2505 unionis,
1898 2436 1968 2492 sori·

310 2526 485 2597 transigitur,
500 2528 638 2600 quomodo
653 2546 707 2587 uun
722 2546 755 2588 es
778 2542 873 2588 natura
895 2549 977 2589 uuum
990 2532 1075 2590 suut?
1090 2535 1112 2589 ri
1166 2532 1236 2589 bens
1251 2531 1399 2589 Corinthiis
1414 2550 1421 2586 :
1435 2530 1547 2601 Propter
1558 2530 1627 2602 qood
1637 2539 1723 2585 uotum
1735 2532 1804 2605 [ocio
1814 2529 1896 2598 nolis,
1907 2531 1968 2602 quio

310 2629 387 2693 patre
406 2622 528 2693 procedit
549 2623 665 2695 Spiritus
680 2627 801 2683 ueritatis
815 2645 822 2681 ι
838 2627 935 2684 aritio
949 2628 1074 2695 rrrittitur,
1086 2637 1125 2691 et
1166 2643 1241 2683 nemo
1269 2628 1295 2681 in
1312 2626 1413 2698 Spiritu
1430 2625 1476 2681 liei
1503 2625 1545 2699 (ir)
1571 2625 1633 2681 dicit
1659 2625 1796 2682 onotherrur
1809 2626 1849 2700 (b)
1865 2626 1965 2682 iesum.

309 2714 409 2774 aFilio
424 2716 531 2788 accipit.
557 2717 611 2775 Sed
638 2721 740 2788 urania,
765 2737 826 2792 quae
852 2721 1036 2790 hahetPater,
1052 2722 1112 2779 Filii
1166 2718 1261 2777 Seisne
1275 2735 1357 2785 nunc,
1371 2719 1510 2788 haeretios,
1527 2719 1553 2774 iu
1580 2734 1634 2791 quo
1660 2719 1756 2789 spirita
1782 2718 1856 2776 dieas
1882 2718 1963 2776 Chri·

310 2809 664 2883 suntzetidcircoquiaheo
673 2814 781 2886 accipit,
791 2815 840 2874 liei
848 2816 963 2887 Spiritus
972 2817 1111 2891 mest,
1164 2825 1236 2871 stum
1255 2814 1438 2889 creaturanr(i
1454 2814 1527 2878 Cor„
1539 2813 1628 2886 nub)
1643 2813 1655 2869 l
1668 2813 1735 2871 coru
1757 2814 1829 2869 euim
1848 2814 1875 2870 in
1898 2828 1965 2871 aaa·

309 2904 359 2961 sed
375 2904 445 2962 idem
457 2917 485 2964 et
497 2906 723 2979 SpiritusChristi
737 2918 788 2966 cst.
806 2910 859 2966 iles
870 2918 974 2967 staturae
986 2910 1048 2967 Filii
1071 2920 1114 2969 est
1165 2906 1284 2967 themate
1295 2909 1358 2976 sint,
1375 2907 1584 2981 quiserulurunt
1598 2908 1818 2984 crustarum
1833 2906 1866 2981 (i)
1877 2909 1968 2981 potius

308 2996 422 3073 (supple,
437 2998 734 3072 Spiritus),ssdeadem
746 3016 790 3059 res
804 3012 832 3059 et
846 3012 950 3059 naturae
961 3003 1048 3060 Patris
1058 3016 1109 3060 est.
1164 3018 1245 3076 quiam
1256 3002 1376 3061 Creatori
1388 3002 1490 3075 (ilerum,
1501 3016 1521 3068 ι,
1531 2999 1892 3072 iiruChristumcreataram
1901 3018 1970 3059 corr-

307 3087 459 3149 Etoitmtis
469 3090 606 3150 Christum
621 3109 636 3149 a
650 3100 764 3153 ruortuls
773 3096 890 3168 Spiritus
903 3104 945 3154 est
957 3112 965 3165 ;
977 3096 1026 3155 sed
1039 3096 1110 3154 idem
1164 3097 1256 3165 liturus,
1268 3096 1333 3169 quid
1344 3096 1383 3154 sis
1393 3095 1525 3168 intelligo,
1541 3095 1587 3168 qui
1601 3110 1655 3153 nou
1670 3096 1777 3166 ignores
1789 3095 1854 3160 uuirt
1864 3096 1891 3151 in
1907 3112 1968 3153 nra·

308 3181 426 3253 Spiritus
439 3185 539 3243 Christi
555 3194 625 3244 esta
648 3188 764 3245 utrrrtuis
776 3189 896 3245 excitati.
912 3190 940 3244 lu
955 3189 1046 3262 aliquo
1057 3190 1144 3256 dii-C
1160 3190 1259 3248 ledietu
1286 3191 1323 3245 sit
1347 3189 1442 3260 religio
1467 3200 1608 3245 creaturae.
1625 3188 1659 3243 Et
1677 3188 1741 3260 quid
1760 3197 1890 3260 sequatur
1915 3189 1967 3247 ad·

308 3274 379 3338 serat
392 3280 494 3337 Christi
509 3281 597 3338 ethei
611 3291 717 3349 natura,
728 3299 763 3339 ne
777 3283 873 3339 eudem
887 3283 940 3351 sit;
952 3285 974 3340 si
988 3287 1111 3356 prestari
1163 3294 1241 3342 verte
1259 3300 1266 3339 :
1280 3282 1315 3338 Et
1326 3299 1399 3338 uerno
1414 3291 1497 3357 potest
1509 3282 1593 3337 riieore
1607 3279 1747 3337 Dominum
1760 3280 1862 3345 iesous,
1876 3283 1928 3338 nisi
1938 3282 1967 3338 in

311 3381 443 3448 potestat
456 3371 582 3444 Spiritus.
599 3374 644 3445 qui
659 3375 708 3431 liei
722 3384 775 3440 est.
787 3392 841 3432 tran
856 3378 891 3433 sit
905 3388 932 3434 et
944 3377 1056 3435 Christi.
1163 3376 1266 3447 Spiritu
1291 3385 1380 3430 soueto
1390 3375 1412 3447 (Ι
1424 3372 1497 3442 Con,
1515 3390 1562 3440 un,
1577 3375 1617 3445 5).
1640 3371 1766 3431 Sentisne
1779 3373 1843 3444 quid
1857 3374 1905 3431 tibi
1916 3375 1966 3433 de·

342 3465 389 3522 27.
405 3463 471 3521 Filii
493 3475 518 3520 et
544 3464 630 3521 Patris
652 3483 704 3522 uno
722 3469 793 3538 opud
803 3486 850 3526 nos
873 3470 1047 3527 habitatio-
1057 3472 1126 3531 Sed·
1160 3468 1206 3536 sit,
1225 3469 1260 3541 (j)
1274 3466 1383 3525 Christo
1396 3466 1520 3539 rsepondo
1531 3464 1604 3539 quod
1618 3466 1809 3523 suumestlSi
1823 3483 1873 3538 per
1884 3475 1965 3524 uatu-

309 3568 347 3626 ιε,
363 3559 504 3624 heretice,
528 3557 676 3626 iuuentem,
690 3569 717 3615 et
740 3560 836 3631 spiritu
862 3562 993 3620 uocruose
1015 3568 1111 3622 morti·
1161 3577 1220 3618 ram
1246 3562 1291 3616 liei
1315 3558 1440 3616 Christus
1454 3558 1502 3615 tibi
1516 3559 1646 3615 Dorulaus
1666 3571 1718 3627 est,
1735 3556 1820 3614 habes
1833 3559 1964 3629 Spiritum

308 3653 373 3711 lere
387 3653 581 3710 circumactum
596 3662 671 3708 terret
685 3661 842 3711 eteoarctat
854 3654 1014 3726 Apostolus,
1029 3657 1108 3715 Chri·
1162 3662 1284 3719 sanetum
1298 3670 1305 3707 ε
1319 3653 1342 3709 si
1357 3668 1422 3708 sero
1433 3667 1480 3723 per
1491 3650 1647 3723 adoptiuum
1661 3666 1761 3707 nonreu
1775 3651 1820 3707 bio
1838 3651 1965 3709 domiuus

306 3755 379 3803 stum
394 3746 474 3803 nobis
488 3744 690 3802 laudamentum
716 3760 820 3816 ponens
845 3746 909 3805 ildoi
936 3748 958 3820 (l
970 3748 1044 3817 Cor„
1064 3767 1109 3820 ιιι,
1163 3747 1327 3818 ειι,8(ιὶιιιιι
1347 3758 1443 3804 sancto
1458 3760 1566 3813 urens.
1585 3744 1682 3816 spiritu
1696 3744 1799 3801 erroris
1812 3745 1962 3803 animaris:

307 3839 366 3911 ll),
379 3837 445 3895 dicti
466 3837 547 3908 hujus
561 3845 669 3910 quurpre
687 3836 815 3896 dominici
846 3854 898 3896 non
927 3843 1054 3898 nescius:
1080 3843 1110 3901 Si
1163 3844 1226 3915 quia
1253 3855 1336 3897 nenro
1360 3840 1411 3897 nisi
1426 3841 1453 3896 iu
1475 3838 1577 3910 Spiritu
1590 3847 1685 3894 sancto
1705 3836 1848 3894 hominum
1870 3837 1964 3896 lesura

308 3932 366 4004 quis
380 3930 524 4008 dilinitrue,
540 3940 563 3986 et
576 3930 1028 4008 unbumnreumsoraubitretpoter
1038 3951 1111 3992 meos
1164 3944 1255 4010 potest
1265 3934 1367 3991 dicere.
1392 3932 1427 3989 Et
1447 3943 1475 3989 tu
1502 3941 1656 3990 creaturam
1683 3946 1745 3989 euru
1769 3934 1858 4005 potius
1881 3949 1963 4006 quarn

358 4076 370 4130 l
402 4073 457 4130 spu
470 4075 657 4144 eroporrotico.
1199 4079 1240 4225 (5)
1257 4079 1340 4136 Unius
1355 4094 1404 4150 pro
1419 4078 1543 4134 e'usdeur.

355 4145 373 4201 ι
400 4143 454 4202 Per
467 4154 587 4200 notorum
597 4144 657 4199 uer.
1212 4154 1227 4207 6
1232 4159 1241 4220 t
1252 4151 1327 4221 iesu,
1343 4168 1396 4210 noo
1431 4149 1550 4222 usumin
1564 4155 1657 4208 nostru
1671 4147 1775 4211 codiee.
1798 4149 1871 4219 llos,
1886 4148 1962 4219 duis,

358 4220 373 4272 ι
400 4214 597 4273 exorantur,
613 4217 687 4287 llos,
702 4216 945 4279 rseitontisJesum.
1162 4238 1216 4283 nun
1227 4224 1310 4281 dions.

354 4287 372 4343 l
397 4286 527 4343 Comitotu
541 4287 645 4344 diuersi.

355 4443 371 4480 α
397 4424 480 4495 Εᾶῑῑῑ»
495 4434 612 4497 millii
626 4426 701 4495 eor„
718 4427 808 4485 elimet
825 4430 861 4485 liu
882 4447 938 4488 tat,
1121 4441 1149 4505 Ι)
1197 4438 1238 4513 (ρ)
1249 4438 1277 4494 hr
1288 4451 1355 4495 mss.
1367 4435 1475 4494 liartiu.
1497 4435 1594 4504 Carnu,
1607 4432 1702 4504 Corh.‚
1714 4431 1788 4492 Prat.
1810 4440 1838 4491 et
1858 4432 1964 4507 aliquot

354 4498 369 4553 b
395 4497 566 4583 Pumiorimus
579 4514 642 4582 cum
653 4507 745 4556 vetere
757 4515 809 4557 ms.
820 4449 898 4558 Cufis.
912 4511 940 4559 et
953 4503 1048 4564 Germ.
1063 4523 1108 4579 per
1160 4510 1232 4574 aliis.
1243 4512 1330 4565 urrins.

306 4581 428 4627 uotrrrom
442 4587 488 4636 rer,
513 4572 629 4627 inversus
644 4581 744 4636 tameo,
761 4582 790 4628 ut
805 4588 877 4645 saepe
891 4590 940 4629 usu
960 4578 1043 4644 venit,
1061 4595 1109 4635 ro·
1196 4580 1237 4654 (tr)
1255 4581 1372 4638 Verbum
1386 4582 1492 4652 loquens
1505 4580 1549 4636 hic
1562 4577 1665 4634 addunt
1677 4576 1753 4645 editi,
1763 4576 1836 4648 quud
1846 4593 1899 4634 nun
1913 4577 1963 4637 ha·

306 4642 410 4698 cahulis
424 4642 484 4698 seii.
498 4656 558 4712 pro,
568 4650 727 4766 gerontone
740 4644 841 4700 remla
855 4643 932 4701 libris
947 4646 1007 4704 aliis
1022 4649 1107 4705 habe·
1159 4653 1237 4717 beot,
1252 4653 1300 4709 lib.
1316 4668 1347 4719 ιι,
1364 4670 1391 4708 ιι.
1405 4654 1451 4718 st,
1468 4667 1555 4718 raeque
1573 4650 1616 4705 hie
1630 4650 1782 4720 reperimus
1797 4650 1847 4706 uisi
1859 4651 1886 4706 iu
1906 4665 1962 4707 uuo

307 4721 350 4770 tur
364 4731 409 4785 per
423 4723 545 4768 reaturnnr
596 4729 629 4769 u.
645 4711 687 4768 Ab
703 4713 766 4769 lune
782 4729 941 4786 responsum
955 4719 981 4774 in
1001 4735 1049 4777 eos
1062 4737 1109 4779 ac·
1159 4725 1314 4780 recentiore
1327 4740 1378 4778 ms.
1389 4723 1467 4778 Culh.
1483 4722 1546 4779 llos
1561 4721 1749 4779 inhiantium
1763 4721 1958 4779 aliisnounul·

306 4784 506 4852 commodatur,
522 4784 568 4856 qui
593 4784 724 4856 Spiritum
738 4785 856 4842 llei‘rem
867 4796 972 4845 naturae
984 4804 1047 4849 esse
1060 4809 1109 4851 νο.
1159 4793 1290 4860 lisdem,
1306 4811 1358 4850 „on
1371 4793 1472 4850 pesum,

302 4854 374 4912 lert·
1196 4865 1226 4940 (ιι
1242 4866 1328 4923 strom
1348 4865 1620 4924 rsrrorrouromooros
1632 4907 1641 4935 ,
1655 4864 1705 4921 tro.
1717 4880 1727 4921 r
1739 4863 1862 4931 serrae,
1873 4878 1899 4921 c.
1912 4864 1959 4933 ro,

343 4926 381 5001 (e)
393 4927 461 4983 iiiuc
475 4940 569 5010 rocem
594 4924 669 4992 lesu,
684 4941 791 4984 necnon
804 4927 894 4985 lesum
917 4941 979 5001 post
994 4932 1107 4992 uerbum
1159 4954 1187 4993 n.
1207 4937 1356 5009 tot21pse
1376 4939 1475 4994 Paulus
1495 4947 1619 4993 oreotnrre
1640 4939 1735 4993 seruire
1753 4952 1800 4992 uos
1820 4936 1962 5007 protritae.-

305 5000 453 5068 euertuntur¹
470 4998 629 5055 sustulrmus
640 5001 801 5056 auctoritate
811 5003 943 5071 potiorum
957 5021 1022 5061 mss.
1159 5011 1374 5080 qnorrortmodum
1392 5027 1419 5067 er
1436 5009 1565 5065 oChristo
1576 5010 1630 5080 ipse
1650 5008 1764 5072 serniret,
1783 5009 1960 5064 sloreotsrrorn

342 5071 383 5154 (ιι)
397 5070 572 5155 Μιιιίιιιιιιιιι
597 5068 695 5154 eaden,
719 5073 838 5156 comitutu
855 5072 958 5129 diuersi.
985 5078 1107 5146 drnplius
1159 5080 1290 5137 Christum
1305 5028 1435 5148 putaret?⁹
1451 5081 1490 5136 Es
1502 5096 1556 5151 nuo
1566 5079 1702 5137 concludit
1714 5097 1721 5134 ε
1735 5080 1787 5135 Aut
1799 5081 1877 5152 initur
1888 5080 1959 5135 riesi-

257 5149 263 5159 ‘
307 5156 400 5199 treseto
411 5145 474 5211 uurd
490 5141 571 5197 hahet
583 5152 707 5198 oumrtotn
722 5143 909 5212 druersrtotom,
926 5157 999 5215 puta,
1015 5163 1049 5204 an
1064 5165 1107 5205 ra·
1158 5156 1315 5209 nonteoiere
1328 5170 1402 5223 ouem
1422 5162 1567 5208 eremorum
1586 5153 1728 5223 appellunt.
1740 5161 1785 5206 ortt
1803 5151 1959 5206 desinunt...

307 5214 345 5270 tiu
357 5215 439 5270 sirrrul
466 5211 592 5296 sortiendi
616 5215 667 5269 sita
686 5214 722 5270 sit
736 5216 762 5270 iu
780 5218 896 5287 quadarn
918 5218 1106 5280 diversitatum
1159 5224 1243 5279 disere
1261 5233 1405 5280 oratorum
1418 5242 1424 5278 :
1436 5233 1463 5280 et
1478 5239 1503 5281 a.
1517 5224 1561 5289 ll,
1577 5242 1604 5280 u.
1617 5221 1652 5280 bh
1668 5241 1674 5278 :
1694 5224 1726 5279 Si
1740 5224 1854 5278 alienum
1866 5231 1959 5293 purant

305 5289 443 5356 imbelle·
455 5301 489 5342 ill
504 5286 531 5340 in
548 5293 650 5369 *rutilare
663 5287 786 5342 natura?
1158 5294 1261 5361 Denuo,
1280 5313 1326 5350 srrr
1351 5296 1460 5351 adorant
1479 5295 1623 5351 eumietmt
1640 5304 1767 5363 seriptum
1787 5295 1820 5349 sit
1840 5311 1850 5350 .·
1867 5292 1958 5364 Neque

343 5357 379 5431 (e)
394 5358 512 5429 Supple,
537 5354 652 5440 Sponsus
667 5374 677 5413 .·
693 5358 760 5413 alias
784 5358 994 5419 cohabitationis
1016 5378 1106 5421 saera·
1158 5366 1279 5422 odor-obis
1299 5366 1382 5422 Deum
1404 5367 1527 5424 olieurror.
1553 5366 1627 5422 ldern
1648 5373 1836 5437 argrrmeutom
1859 5364 1957 5422 adrer-

306 5439 427 5488 mentum
439 5445 495 5487 uon
505 5434 627 5492 erut.nlsr
638 5427 693 5485 duo
705 5429 827 5486 habitent
843 5434 1104 5512 persoorsdtsriucrt,
1157 5453 1205 5494 sus
1216 5438 1332 5495 Arianos
1348 5449 1520 5495 mercaturae
1539 5438 1658 5494 errhores
1676 5436 1824 5494 cuaheiurrt
1836 5436 1958 5493 Athana·

305 5502 374 5560 Turn
388 5504 415 5560 in
431 5519 482 5559 nus.
498 5501 561 5558 var.
574 5499 631 5585 has.
649 5519 728 5574 neque
749 5503 780 5558 uir
794 5506 847 5562 olio
861 5505 977 5566 diuersus
989 5524 1018 5563 eo
1030 5507 1103 5564 hohi·
1157 5510 1225 5576 sius.
1240 5510 1249 5545 l
1263 5512 1366 5577 santos,
1379 5509 1525 5581 Gregorius
1534 5508 1627 5584 Nyss,
1641 5520 1695 5566 ete.

305 5581 499 5648 totorsposset
524 5573 588 5631 ierrr
613 5572 730 5632 diuersas
743 5577 916 5642 cohabitator.
938 5579 1010 5654 quod
1024 5578 1106 5642 hahet
1193 5581 1231 5659 (J)
1256 5581 1320 5638 liss.
1334 5580 1532 5649 Caru.‚Colb.‚
1556 5582 1648 5638 Gerrrr.
1672 5578 1804 5637 Christum
1826 5581 1953 5653 uenando.

306 5645 491 5705 llurtiniuuus.
1156 5651 1269 5712 Planum
1284 5663 1325 5711 est
1338 5654 1460 5725 proxima
1472 5652 1593 5725 Apostoli
1607 5655 1689 5709 rerba
1699 5652 1739 5709 sie
1752 5652 1786 5710 ab
1803 5651 1903 5708 hillario
1914 5654 1956 5709 iu·

344 5719 378 5792 (s)
390 5719 452 5776 lut.
466 5719 525 5775 has.
537 5722 661 5800 eodeuet
674 5721 780 5781 blastiu.
797 5721 894 5782 Cirristt
906 5721 1105 5799 musonemllei
1157 5726 1283 5782 tellecta:
1298 5723 1383 5782 lirano
1396 5737 1478 5799 potest
1497 5724 1582 5785 disere
1603 5731 1631 5785 el
1651 5724 1776 5785 moriterl
1789 5723 1882 5785 iesum
1901 5741 1957 5783 esse

308 5802 345 5845 ost
361 5804 434 5846 :uon
450 5796 513 5847 suut
528 5786 686 5857 recipendi.
1156 5793 1307 5870 huorono,
1318 5797 1379 5872 uisi,
1394 5807 1447 5857 eleo
