4209 6250
297 332 353 391 tib
904 329 1028 390 stricti
1046 329 1176 391 lllLdel
1190 329 1344 393 eetscoet
1896 339 1950 399 tto

297 458 414 503 semme
432 450 550 503 creatam
563 440 591 499 in
614 439 719 500 initium
735 441 841 499 riorum
856 443 904 501 bel
923 452 952 501 et
973 446 999 502 in
1014 460 1098 518 opera
1111 448 1240 519 Auium
1265 466 1327 508 eam
1349 449 1408 521 ipsa
1431 448 1573 507 exordium
1594 452 1745 524 temporale
1763 452 1858 511 sorita
1882 454 1948 514 sint.

299 538 360 609 eius
372 553 388 594 a
401 539 500 595 seculo
513 535 626 604 dixerim
643 551 678 593 ne
689 535 759 592 iorte
772 543 835 592 onte
847 537 958 594 llariam
972 554 1027 594 nou
1039 556 1096 596 mo·
1149 541 1219 610 Quid
1241 543 1314 599 enim
1340 557 1466 614 magnum
1490 552 1543 610 est,
1567 549 1599 598 ut
1619 553 1683 601 ante
1708 550 1809 601 terram
1822 547 1864 619 (3)
1878 546 1950 606 lleus

299 649 367 692 nere
381 634 581 691 existimaretur
597 649 604 687 :
619 647 706 704 oeque
719 641 808 689 tamen
824 641 943 690 creatam
959 650 989 691 se
1004 635 1037 691 ad
1049 651 1097 691 na·
1149 636 1292 693 llominum
1316 635 1453 694 Christum
1476 637 1619 708 genuerit3
1636 651 1698 693 eam
1712 636 1879 711 Angelorum
1894 639 1951 697 ori·

297 725 410 782 tiritatis
429 724 637 797 intelligentiam
651 724 782 793 relcrret;
798 725 861 797 qnia
881 726 908 782 in
927 726 1030 784 viarum
1045 728 1098 784 ini·
1150 744 1185 802 go
1210 728 1247 802 (e)
1269 738 1349 787 terrae
1371 728 1509 786 creatione
1542 726 1693 801 reperiatur
1714 731 1871 804 orttiqaiorl
1894 732 1951 790 Aut

296 822 363 878 tium
378 828 405 877 et
419 821 447 877 in
469 835 552 891 opera
573 819 610 876 sit
623 829 732 888 creata3
752 828 859 878 atvero
875 835 910 881 ne
924 819 1097 878 boetiorum
1148 823 1255 895 eurqrri
1270 830 1333 879 ante
1354 829 1454 880 terram
1476 822 1584 894 genitus
1607 822 1757 892 diceretur,
1782 825 1863 881 etiam
1884 835 1949 884 ante

296 911 415 982 initium,
427 912 500 984 quod
515 913 608 986 utiqrre
619 913 654 971 de
666 914 765 971 divinis
774 914 856 971 rebus
866 915 991 972 hnmanae
1004 915 1098 989 cogni·
1148 922 1267 981 montes,
1282 929 1370 987 neque
1389 914 1477 971 solum
1499 921 1563 971 ante
1576 923 1693 982 montes,
1716 916 1765 973 scd
1788 916 1870 973 etiam
1885 927 1949 977 aute

296 1008 378 1066 tionis
393 1008 533 1067 exordium
556 1017 610 1076 est,
630 1010 745 1081 quisque
761 1008 795 1065 ad
810 995 1005 1080 subjiciendam
1029 1019 1099 1067 tem·
1148 1008 1233 1064 colles
1246 1015 1325 1064 natus
1344 1007 1583 1064 manifestaretur:
1599 1023 1660 1065 eum
1682 1010 1793 1067 collium
1813 1010 1950 1084 signidce·

295 1105 354 1178 pori
361 1104 527 1161 nativitatem
538 1103 670 1160 inlinitam
679 1103 822 1174 deputaret
835 1101 987 1175 (Prummu,
999 1101 1095 1159 bisce.
1149 1099 1188 1155 tio
1201 1106 1263 1170 post
1287 1107 1394 1155 montes
1406 1102 1452 1169 sit,
1470 1100 1601 1156 montium
1616 1115 1683 1158 vero
1694 1102 1872 1175 intelligentia
1887 1113 1949 1176 post

297 1197 393 1272 Lxx),
403 1197 541 1255 lundatam
556 1211 586 1254 se
600 1205 663 1255 anto
672 1197 813 1254 saculasit
826 1195 948 1267 professa
966 1206 1016 1252 :ut
1031 1195 1096 1251 dom
1149 1200 1249 1249 terram
1265 1191 1319 1248 siti
1333 1190 1386 1249 Per
1398 1190 1470 1263 quod
1493 1191 1642 1251 existimari
1657 1206 1711 1251 non
1727 1201 1828 1266 petest,
1847 1195 1948 1253 idcirco

295 1290 369 1347 atiud
380 1289 457 1347 estin
470 1290 688 1346 viamminitium
698 1296 726 1346 et
739 1287 766 1345 in
781 1302 864 1361 opera
875 1288 1011 1354 creari,'et
1024 1286 1097 1343 ailad
1149 1286 1208 1342 baec
1222 1298 1284 1341 esse
1296 1282 1381 1353 dieto,
1397 1293 1427 1341 ut
1444 1292 1510 1342 ante
1524 1285 1610 1342 eolles
1632 1296 1660 1343 et
1683 1295 1790 1345 montes
1803 1295 1833 1344 et
1846 1296 1946 1346 terram

278 1426 280 1430 ψ
295 1395 338 1443 est
353 1394 416 1442 ante
428 1384 527 1441 saecula
542 1384 668 1452 landari,
683 1383 803 1441 anterior
815 1381 1011 1455 intelligeretur
1036 1395 1098 1438 esse
1148 1392 1210 1436 osse
1222 1377 1420 1451 intelligeretur
1429 1377 1482 1453 (d),
1498 1379 1543 1451 nui
1566 1395 1608 1450 ea,
1635 1395 1696 1453 quae
1710 1392 1774 1440 ante
1795 1392 1895 1440 terram
1917 1392 1947 1441 et

295 1480 433 1537 creatione
451 1478 590 1536 laudatio:
611 1478 703 1535 etlroc
725 1478 826 1549 ipsum,
842 1476 914 1548 quod
937 1475 1048 1532 lundata
1069 1473 1097 1531 in
1148 1480 1256 1529 montes
1288 1480 1316 1529 et
1338 1471 1424 1530 colles
1446 1480 1520 1541 sont,
1545 1474 1685 1531 infinitatis
1714 1490 1772 1533 sna
1795 1477 1947 1536 atermtate

295 1588 378 1646 opera
390 1583 455 1632 ante
469 1573 599 1631 seculum
609 1580 662 1638 est,
678 1571 716 1646 (o)
732 1581 930 1629 sacramentum
950 1569 1098 1627 creationis
1149 1566 1329 1638 precelleret.

295 1668 470 1734 macriorem
486 1667 549 1737 auia
563 1666 684 1724 lundatio
706 1674 769 1722 ante
789 1665 931 1733 meolam,
952 1672 980 1721 et
994 1664 1097 1720 creatio
1185 1658 1231 1716 58.
1254 1658 1416 1730 infinitatem
1435 1674 1509 1715 enam
1530 1669 1653 1732 guentam
1667 1659 1725 1717 lieet
1745 1663 1879 1734 explicuit,
1901 1676 1947 1738 per

295 1762 323 1818 in
337 1762 440 1819 riarum
452 1761 559 1818 initiam
571 1768 652 1831 atque
665 1760 691 1815 in
703 1773 786 1829 opera
799 1764 859 1827 post
869 1756 997 1813 saeclum
1012 1756 1059 1812 sit.
1149 1764 1236 1811 creata
1258 1754 1443 1827 comprehendi
1454 1771 1507 1810 non
1521 1757 1614 1827 potnit.
1639 1755 1743 1814 -Sed
1764 1772 1875 1816 sonsum
1898 1773 1948 1817 no·

327 1855 373 1913 57.
383 1852 466 1928 429
477 1854 538 1909 Non
547 1850 716 1925 temperemd
723 1848 1100 1920 eternitateroeenlomproeee·
1113 1850 1138 1914 Β
1150 1858 1235 1906 strum
1249 1863 1340 1906 sermo
1355 1848 1463 1905 dininas
1476 1864 1530 1905 non
1551 1850 1660 1923 inopem
1683 1849 1797 1908 rationis
1821 1852 1945 1924 reliquit3

297 1947 346 2004 dit.
361 1947 469 2004 -lam
484 1961 549 2002 nero
562 1959 596 2002 ne
611 1943 712 2001 creatio
726 1949 755 1998 et
769 1940 891 1997 fundatio
904 1941 984 1997 iidem
997 1939 1096 1996 dirinsc
1148 1958 1211 1999 nam
1234 1957 1342 2000 eausam
1366 1941 1432 1999 dicti
1445 1957 1493 2013 per
1512 1943 1570 1999 lnce
1592 1959 1654 2015 quum
1675 1957 1879 2016 consequuntur
1899 1958 1946 2018 os·

295 2039 444 2098 naucitatis
457 2038 627 2105 offenderet,
642 2036 784 2107 sequitur:
800 2031 882 2089 'Prior
902 2049 980 2104 poam
1001 2041 1097 2087 teram
1149 2035 1256 2092 tendit:
1276 2034 1344 2091 Dens
1358 2033 1418 2106 feeit
1430 2035 1558 2108 regiones,
1575 2043 1599 2089 et
1612 2034 1801 2103 inhabitabilia,
1825 2047 1849 2092 et
1868 2052 1947 2091 eaen-

295 2131 487 2205 laceret,prins
500 2147 580 2204 gnam
592 2138 690 2185 montes
704 2126 840 2193 stabiliret,
856 2135 915 2181 ente
932 2142 1019 2181 omrtes
1042 2124 1098 2181 eoi·
1147 2130 1218 2185 minu
1237 2144 1295 2200 gnoe
1321 2127 1470 2182 itabitamnr
1492 2126 1538 2182 snb
1552 2127 1627 2182 coelo.
1642 2126 1823 2200 Comparare
1836 2129 1945 2199 calum,
2033 2133 2039 2142 '

297 2226 335 2281 ier
357 2227 447 2299 gennit
468 2240 509 2280 me
532 2222 614 2297 (ibid.
627 2222 664 2279 25
676 2234 698 2278 et
713 2221 770 2294 bb).
786 2220 845 2277 bam
858 2220 964 2292 genitus
976 2228 1018 2276 εει
1032 2226 1097 2276 ante
1147 2221 1263 2296 (elerum
1275 2237 1333 2277 cnm
1343 2220 1398 2288 illo,
1414 2219 1504 2292 etsseum
1519 2219 1716 2293 (bl'regregabat
1727 2235 1801 2276 ruam
1811 2220 1893 2295 230
1903 2238 1946 2278 oe·

248 2351 250 2355 ·
298 2327 407 2387 terram,
423 2315 465 2392 (ll
479 2316 525 2390 qrti
537 2327 600 2372 ante
614 2316 744 2372 saeculrtm
765 2313 891 2371 lturdatus
906 2321 949 2371 εει
973 2330 981 2368 :
1006 2327 1096 2384 neque
1147 2315 1215 2370 dem.
1234 2312 1344 2380 Quando
1357 2322 1533 2384 superventor
1552 2311 1651 2369 rabidus
1666 2314 1777 2387 [animat
1798 2315 1825 2369 in
1845 2330 1945 2371 summo

296 2412 384 2469 solum
406 2419 469 2469 ante
491 2419 604 2486 terram,
627 2410 675 2467 sed
698 2410 781 2465 etiam
804 2414 993 2464 antemnates
1013 2415 1095 2478 atque
1145 2409 1234 2476 nubes,
1256 2418 1281 2464 et
1302 2425 1360 2465 cnm
1379 2418 1460 2465 cerem
1487 2411 1594 2480 ponebat
1611 2406 1648 2483 (s)
1662 2413 1747 2482 sontes
1769 2409 1816 2465 rub
1831 2410 1905 2478 ceto,
1920 2418 1946 2467 et

295 2504 388 2562 colles.
404 2504 439 2560 Et
452 2506 481 2560 io
496 2504 538 2560 oto
550 2500 660 2575 quidem
675 2501 737 2573 quia
753 2500 788 2557 de
811 2513 840 2556 se
854 2497 991 2569 Sapientia
1006 2497 1093 2568 loqui·
1144 2516 1204 2556 enm
1228 2500 1309 2572 {ertia
1330 2500 1438 2570 sumebat
1449 2500 1617 2569 formamenta
1631 2511 1716 2569 terror,
1730 2517 1776 2573 ege
1789 2495 1860 2558 mom
1872 2502 1945 2573 apnd

295 2605 350 2666 tur,
365 2597 427 2671 plus
443 2597 561 2670 loquitur
571 2610 652 2667 quam
667 2594 784 2651 auditur.
800 2592 896 2650 Omnia
909 2593 992 2657 enim,
1016 2606 1091 2663 quas·
1142 2592 1218 2647 illnm
1231 2591 1527 2665 componensffrooerb.
1542 2607 1600 2661 nrrt,
1613 2591 1772 2662 bb,reennd.
1788 2590 1864 2668 ura).
1878 2594 1945 2663 Quis

294 2704 410 2762 eamque
441 2689 476 2746 ad
504 2685 646 2745 infinitatis
667 2686 871 2759 intelligentiam
895 2683 1090 2758 significantur,
1144 2685 1188 2742 lric
1207 2694 1358 2756 temporum
1378 2685 1454 2742 loeus
1469 2685 1531 2741 est?
1545 2687 1599 2741 but
1613 2699 1667 2757 quo
1681 2699 1711 2742 εε
1731 2685 1880 2743 extendere
1902 2687 1945 2743 nl·

292 2782 372 2839 istius
386 2782 459 2839 modi
473 2796 535 2839 esse
546 2786 664 2851 oportet,
680 2794 715 2835 ne
733 2780 773 2835 rei
795 2778 919 2850 cuiquam
931 2786 978 2832 aut
998 2774 1091 2847 generi
1143 2784 1185 2833 tra
1197 2775 1235 2851 (g)
1261 2776 1393 2833 infinitam
1407 2774 1536 2848 unigeniti
1553 2776 1600 2832 llei
1624 2775 1800 2843 caetitatem,
1815 2775 1943 2836 humanas

293 2876 412 2932 secunda
437 2877 464 2931 in
489 2886 612 2945 tempore
634 2876 699 2930 sint.
721 2873 856 2929 Caeterum
879 2872 913 2927 ad
934 2870 1093 2928 aternitatis
1144 2873 1331 2946 intelligentiae
1349 2886 1446 2929 seusus
1460 2871 1644 2944 permittitur?
1659 2870 1942 2943 Nouenimperboee,

294 2965 555 3025 demonstrationem
568 2979 738 3037 nequaquam
752 2963 794 3038 (b)
808 2963 966 3035 temporatia
985 2962 1023 3035 (b)
1047 2976 1094 3019 eo-
1144 2981 1259 3039 quorum
1271 2966 1441 3023 creationem
1453 2976 1546 3021 mente
1556 2963 1734 3035 concipimus,
1749 2963 1942 3037 comprehendi

291 3062 475 3136 aptabuntur:
489 3062 551 3135 quia
570 3075 618 3134 per
631 3059 670 3130 id,
687 3058 758 3133 quod
783 3058 934 3132 posteriora
956 3066 1020 3114 sunt
1040 3071 1094 3113 cae-
1144 3059 1283 3132 generatio
1297 3058 1356 3131 ejus
1370 3064 1470 3129 potest,
1485 3057 1531 3130 qui
1553 3058 1673 3114 anterior
1697 3057 1740 3113 iris
1754 3057 1878 3115 omnibus
1899 3066 1944 3117 est
2010 3055 2017 3068 '

291 3156 366 3224 teris,
382 3171 431 3228 per
444 3171 475 3213 ee
498 3156 557 3227 ipso
577 3169 632 3211 uon
653 3151 828 3211 maniiestant
847 3152 991 3211 infinitatis
1010 3142 1128 3210 eaor-C
1144 3150 1184 3226 (b)
1209 3159 1239 3208 ut
1253 3151 1376 3222 quamvis
1391 3155 1515 3223 prestet,
1526 3148 1553 3205 in
1568 3157 1700 3220 tempore,
1723 3164 1777 3208 nou
1793 3150 1942 3225 tamenin·

326 3269 369 3416 gig
383 3270 434 3338 Qui
446 3270 621 3328 antecoenia.
1191 3271 1219 3338 3)
1232 3264 1303 3327 Dece
1318 3268 1401 3326 Deum
1412 3266 1543 3325 librimmn
1556 3275 1667 3342 generet.

339 3342 356 3397 2
384 3341 561 3414 Temporario.
751 3396 753 3403 ,
1191 3340 1221 3416 b)
1242 3342 1406 3399 secernebat.

288 3480 373 3539 uteris
397 3480 431 3538 ad
453 3480 676 3551 exstinguendum
701 3479 836 3549 budaum,
863 3489 917 3538 ete.
940 3479 1088 3554 Sapientia
1139 3488 1250 3550 terrem,-
1272 3482 1389 3538 utillud
1411 3483 1570 3540 altercandi
1595 3482 1761 3553 principiam,
1787 3492 1846 3540 ante
1871 3485 1941 3555 qaod

288 3563 352 3610 ante
366 3552 476 3609 blaciam
497 3553 670 3610 subsistentis
690 3552 838 3609 eilicaeiam
857 3567 889 3609 ac
908 3552 1036 3609 virtutem
1059 3553 1086 3608 in
1140 3554 1232 3610 creatis
1255 3569 1287 3609 ee
1310 3555 1384 3610 rebus
1406 3555 1509 3610 omnino
1535 3555 1609 3610 nulla
1621 3554 1707 3624 inerit.
1723 3553 1823 3627 Aperta
1847 3563 1938 3614 tamen

288 3625 417 3695 operibus
432 3640 465 3682 ae
482 3624 612 3682 doctrinis
624 3624 682 3680 lose
696 3633 854 3689 prosecutus
866 3632 909 3680 est
921 3625 1038 3681 llilorius
1054 3623 1087 3680 li·
1139 3633 1181 3680 est
1205 3640 1236 3681 ea
1257 3625 1291 3680 dc
1313 3640 1343 3682 re
1365 3626 1501 3682 Ambrosii
1526 3627 1659 3682 sententio
1681 3625 1728 3682 lib.
1744 3641 1764 3693 r,
1788 3625 1856 3683 ilex.
1869 3642 1894 3682 c.
1909 3629 1937 3699 b,

286 3694 461 3755 bristtetr.
1138 3711 1167 3750 n.
1184 3695 1360 3763 temnentis
1383 3714 1390 3752 :
1413 3697 1504 3768 Angeli
1527 3698 1713 3753 dontinationer
1736 3706 1759 3752 et
1784 3697 1937 3767 Potestates,

323 3766 362 3852 (a)
376 3768 470 3838 idest,
484 3768 518 3824 ad
532 3776 731 3825 sacramentum
746 3780 778 3823 ac
789 3767 946 3840 mysterium
965 3767 1086 3841 (dispcm
1138 3768 1187 3822 etci
1202 3767 1341 3840 aliqnando
1352 3777 1491 3836 emonam,
1506 3779 1578 3823 erant
1591 3776 1674 3823 tamen
1690 3770 1750 3842 jam
1770 3768 1874 3839 qnando
1895 3769 1938 3825 bic

286 3841 399 3896 tattonis
408 3838 524 3914 scitieetl
537 3842 673 3912 pertinere
683 3838 850 3906 ostenderet,
862 3839 935 3911 quod
949 3839 1043 3897 eodem
1054 3855 1086 3896 se
1137 3840 1249 3894 mnrtdos
1263 3850 1300 3894 ert
1311 3843 1394 3911 somne
1406 3861 1413 3894 r
1425 3847 1455 3895 et
1467 3838 1543 3910 prael.
1560 3839 1585 3894 in
1601 3854 1642 3911 ps.
1653 3854 1673 3909 t,
1686 3855 1714 3895 n.
1724 3839 1743 3894 2
1755 3855 1765 3895 .·
1775 3839 1842 3895 Ante
1851 3841 1938 3911 ipsum

286 3918 406 3967 creatam
422 3910 591 3968 testificatur.
1136 3910 1239 3965 initium
1252 3911 1341 3965 mnndi
1356 3909 1494 3966 Gbernbim
1516 3920 1540 3965 et
1564 3909 1703 3982 Seraphim
1727 3926 1786 3966 enm
1807 3912 1935 3968 enaritate

322 3981 426 4055 (blsssr.
441 3982 514 4053 lips.
539 3993 567 4039 et
587 3982 661 4048 Pan,
684 3982 847 4051 tempormio.
863 3980 914 4038 lls.
936 3982 998 4040 vat.
1012 3985 1084 4051 bas,
1135 3997 1239 4037 canoros
1257 3982 1326 4036 nocie
1347 3981 1446 4048 dicunt,
1469 3982 1591 4045 Sanctus.
1613 3990 1667 4039 ete.
1689 3981 1819 4039 Eamderu
1833 3982 1937 4040 llilario

285 4058 411 4124 tempora.
425 4051 479 4109 atti
493 4068 555 4111 cum
571 4054 650 4122 uno,
664 4053 826 4125 temporalia.
1137 4065 1230 4109 nostro
1244 4052 1401 4124 opinionem
1425 4053 1554 4109 Erasmus
1568 4055 1612 4109 tric
1635 4053 1788 4124 adscripsit,
1814 4055 1936 4112 subscri-

322 4124 357 4197 (ε)
377 4123 449 4180 Nihil
465 4125 491 4181 in
505 4125 546 4181 lris
558 4125 648 4180 verbis
662 4133 786 4195 apgraret,
808 4123 880 4197 quod
893 4124 1017 4181 ‘coneilio
1032 4124 1085 4182 La·
1136 4123 1262 4181 bentibus
1286 4125 1312 4179 ei
1336 4133 1469 4197 nttotquot
1491 4134 1585 4196 postea
1608 4125 1658 4180 bos
1679 4121 1763 4181 libros
1781 4124 1935 4182 ediderunt.

284 4201 371 4253 teron.
386 4194 433 4263 li,
447 4196 616 4263 adversetur,
631 4210 658 4251 e.
674 4196 699 4262 l,
715 4198 749 4251 tle
769 4195 822 4251 lide
835 4195 985 4260 delinieutl,
998 4195 1082 4252 Βεεηι
1135 4193 1207 4251 llilril
1228 4205 1318 4252 tamen
1333 4196 1509 4262 advertimus,
1533 4209 1583 4250 eur
1605 4195 1641 4250 illi
1664 4205 1739 4251 certo
1761 4197 1935 4255 attribuatur.

283 4266 315 4321 ab
329 4268 403 4322 initio
415 4269 536 4336 temporis
550 4277 683 4338 ntramgoe
697 4266 729 4321 de
745 4267 827 4321 nibilo
840 4267 989 4322 condidisse
1009 4283 1082 4322 crea-
1137 4265 1221 4321 lmmo
1236 4267 1262 4321 in
1277 4281 1318 4336 ps.
1332 4282 1433 4335 enarr,
1450 4283 1478 4320 n.
1491 4268 1519 4331 8,
1530 4266 1629 4323 tlneere
1640 4266 1756 4333 ridetur,
1778 4267 1950 4338 angelormn‘

285 4345 381 4407 trram,
401 4339 544 4409 spiritalem
566 4347 590 4394 et
609 4339 780 4410 corporalem,
802 4339 944 4410 angelicum
966 4338 1082 4394 uidelicet
1132 4336 1212 4394 sedes
1224 4339 1422 4409 auteipsosmet
1435 4337 1518 4394 luisse
1531 4336 1851 4410 institutas.Quamquam
1866 4339 1936 4396 inea

284 4417 309 4462 et
320 4410 487 4464 mundanam.
502 4409 616 4465 Plenum
631 4409 703 4465 enim
718 4420 772 4474 est,
787 4409 845 4464 llaec
858 4408 972 4466 Genesis
985 4413 1080 4479 rerba,
1132 4409 1260 4480 opinione
1283 4409 1351 4464 uilril
1373 4409 1538 4465 discriminis
1559 4410 1679 4480 agnoscit
1706 4412 1871 4480 burgastinns
1885 4410 1934 4468 lib.

284 4478 320 4535 dn
333 4481 460 4554 principio
472 4483 565 4537 crearit
578 4480 648 4536 Deus
665 4482 757 4537 coelnm
771 4491 794 4534 et
807 4490 911 4543 taram.
928 4481 964 4536 ita
978 4495 993 4535 a
1015 4495 1082 4537 corr·
1132 4494 1170 4545 ιι,
1186 4480 1220 4536 de
1234 4478 1293 4538 Gis.
1310 4479 1359 4536 Dei
1371 4495 1397 4537 c.
1419 4480 1465 4546 ab.
1482 4479 1527 4535 ubl
1543 4483 1629 4549 prima
1651 4477 1767 4536 Genesis
1782 4481 1882 4537 verba:
1898 4481 1935 4537 dn

283 4552 347 4608 cilio
359 4551 497 4608 intellecta
512 4566 582 4619 esse,
597 4562 626 4607 ut
640 4553 673 4607 ad
689 4551 839 4622 angelicam
853 4562 977 4607 oraturam
989 4554 1081 4608 eninm
1133 4552 1270 4622 principio,
1284 4567 1338 4606 non
1351 4550 1386 4607 de
1397 4551 1528 4623 temporis
1538 4548 1625 4616 initio,
1640 4550 1688 4606 sed
1700 4549 1734 4608 de
1746 4551 1845 4618 Verbo,
1857 4551 1931 4623 quod

284 4632 380 4680 terrum
394 4623 427 4680 od
446 4624 608 4680 mundanam
624 4624 748 4679 referret.
760 4621 842 4691 Αιιμιί
857 4624 964 4695 bloyses
978 4624 1078 4678 coelum
1092 4633 1118 4695 Β
1131 4623 1213 4678 etiam
1241 4621 1381 4694 Scriptura
1406 4622 1568 4693 principium
1593 4622 1725 4689 nominat,
1759 4623 1935 4694 interpretari

284 4706 347 4752 ante
369 4702 469 4751 terram
494 4704 634 4759 memorat,
656 4692 824 4765 proindeque
844 4709 859 4748 a
883 4693 1003 4748 Concilio
1022 4708 1076 4750 non
1132 4690 1226 4763 licere,
1251 4707 1281 4749 ea
1303 4707 1336 4749 ue
1356 4692 1580 4767 interpretatione
1600 4708 1631 4749 se
1645 4694 1789 4765 plurimum
1803 4695 1934 4751 delectori

283 4765 419 4834 dissentit,
435 4765 481 4836 qui
491 4765 602 4837 angelos
615 4772 677 4819 ante
692 4763 816 4820 eamdem
831 4763 970 4834 predicat.
984 4762 1079 4835 Neque
1130 4763 1260 4820 declarat.
1275 4709 1332 4820 idne
1345 4763 1485 4820 dunrmxat
1495 4765 1644 4820 cavendnm
1659 4764 1749 4836 docet,
1772 4780 1807 4822 ne
1819 4767 1933 4838 angelos

283 4838 370 4909 magis
394 4847 535 4908 repugnat,
560 4834 631 4906 quod
655 4836 692 4890 ait
715 4833 832 4890 llilarius
855 4846 950 4890 contra
968 4833 1080 4892 busen-
1130 4834 1187 4891 Deo
1202 4846 1353 4891 coaeternos
1367 4837 1543 4892 arbitremur.

284 4907 349 4964 tium
365 4924 393 4963 n.
408 4908 452 4974 lb,
466 4905 597 4962 embolum
614 4915 673 4960 ante
694 4915 808 4976 tempora
820 4913 845 4961 et
864 4905 960 4960 saceio
981 4907 1078 4962 substi-
1166 4905 1207 4978 (d)
1220 4907 1275 4963 Sic.
1292 4905 1371 4974 lind,
1384 4905 1432 4963 Er.
1449 4919 1476 4963 et
1490 4906 1565 4989 lips.
1580 4919 1613 4962 ac
1634 4906 1725 4977 plures
1738 4920 1805 4964 mss.
1822 4906 1934 4979 Allqrtot

282 4981 351 5034 tisse
368 4979 435 5034 liam
455 4993 515 5033 cunr
536 4976 580 5032 bic
590 4976 632 5032 dis
654 4985 709 5033 utet
722 4974 968 5041 contrabentium,
983 4977 1077 5033 Ariani
1129 4976 1222 5048 probae
1235 4987 1306 5033 rootoe
1317 4992 1377 5034 cum
1392 4978 1467 5043 Par..
1486 4993 1546 5049 grim
1567 4993 1607 5033 ea.
1624 4976 1653 5033 ln
1667 4980 1761 5037 codice
1775 4977 1836 5034 liat.
1858 4979 1930 5047 bas,

282 5062 374 5107 autem
388 5051 477 5106 solent
492 5058 606 5119 temporo
639 5049 768 5104 erolisoe
791 5047 860 5102 inne
881 5049 1009 5103 creatione
1029 5064 1078 5103 nn·
1128 5050 1190 5118 qnia
1203 5049 1318 5121 quiante
1330 5058 1425 5106 inrum
1438 5058 1462 5105 et
1474 5055 1572 5104 montes
1584 5058 1608 5103 et
1620 5048 1699 5106 eolles
1713 5051 1757 5107 tit.

282 5136 392 5191 merare,
407 5127 437 5176 ut
450 5121 600 5176 audirimus
622 5133 703 5189 supra
716 5135 743 5174 n.
759 5119 805 5185 il,
829 5118 892 5175 binc
914 5126 1077 5177 tantomse·
1166 5118 1202 5193 (e)
1223 5121 1337 5177 ldartin.
1361 5136 1427 5192 ms,
1453 5122 1559 5177 canam
1582 5120 1623 5176 itti
1635 5160 1644 5189 ,
1661 5130 1684 5177 et
1705 5136 1764 5178 eant
1785 5130 1931 5178 secerneret

281 5193 373 5264 quitur
395 5193 517 5265 angelos,
534 5190 699 5262 proindeque
711 5190 859 5256 diabolum,
875 5200 938 5247 ante
950 5191 1036 5247 solent
1049 5200 1078 5248 ει
1129 5206 1203 5246 snam
1216 5192 1311 5246 sedem.

282 5263 375 5321 luuram
388 5262 552 5322 substitisse.
568 5261 646 5332 Quod
659 5259 893 5318 nonindeiandum
903 5272 998 5319 censet
1010 5262 1076 5333 Epl·
1166 5265 1175 5330 (
1215 5260 1244 5317 ln
1259 5277 1338 5329 mss,
1351 5273 1461 5321 montes.

301 5335 397 5390 hanins
409 5335 476 5392 liar.
490 5332 536 5400 tib,
561 5350 589 5390 n.
616 5335 651 5401 ὅ,
665 5340 775 5405 propter
787 5332 854 5389 illud
867 5332 945 5390 ioan.
961 5348 1075 5400 xxxrrrr,
1166 5334 1193 5405 (g
1218 5333 1373 5405 legendam
1388 5349 1514 5407 putamus
1528 5336 1555 5393 in
1568 5335 1697 5409 infinitam
1708 5350 1719 5392 .·
1731 5343 1763 5392 nt
1772 5334 1930 5408 praepositio

281 5349 318 5462 ξε
333 5405 398 5463 dam
409 5410 478 5480 gaeta
491 5405 655 5473 matricem,
670 5405 837 5460 iandaoernnt
856 5421 897 5459 nae
917 5421 1003 5460 omnes
1025 5421 1074 5460 aa·
1128 5405 1155 5459 in
1181 5405 1314 5462 exciderit
1333 5417 1443 5479 propter
1464 5407 1580 5467 similem
1602 5409 1736 5482 syllabam
1760 5408 1930 5479 subsequen·

280 5479 332 5551 geli
342 5478 391 5533 mei
403 5493 413 5533 :
426 5479 548 5550 quamvis
561 5478 620 5549 ipse
633 5492 686 5532 non
701 5479 798 5548 probet
811 5492 869 5542 cos,
884 5476 931 5548 quui
949 5476 1074 5547 aliquan·
1128 5486 1193 5532 tem.

280 5558 336 5605 tom
351 5552 482 5623 temporis
495 5558 558 5604 ante
572 5551 701 5606 mundum
716 5548 827 5620 angelos
838 5547 962 5604 conditos
981 5561 1074 5604 sense·
1163 5546 1205 5620 (b)
1220 5546 1307 5604 Verus
1330 5546 1416 5604 codes
1438 5546 1515 5605 Golb.
1532 5562 1594 5608 eum
1608 5550 1715 5622 Remig.
1735 5557 1764 5606 et
1776 5548 1884 5617 Germ,
1900 5558 1929 5605 nt

278 5631 359 5687 ruut;
379 5631 407 5679 et
419 5632 513 5677 contra
524 5634 572 5677 eos
591 5634 666 5677 num.
679 5621 709 5686 8,
725 5620 826 5676 acriter
837 5620 992 5686 contendat,
1013 5635 1075 5676 cer·
1127 5634 1203 5746 guam
1214 5628 1325 5689 prestet,
1342 5618 1408 5675 Silv.
1425 5630 1453 5674 ut
1467 5623 1581 5692 qnantnis
1598 5622 1707 5694 presit:
1722 5622 1827 5677 nonita
1845 5621 1926 5677 male.

279 5699 333 5745 tam
357 5692 430 5747 illam
454 5706 515 5747 esse
539 5699 567 5747 et
590 5692 784 5746 immutabilem
815 5691 988 5757 seutentiam,
1015 5700 1075 5746 ante
1139 5689 1272 5760 'cliptieus
1285 5699 1326 5748 est
1340 5689 1385 5749 hic
1397 5706 1498 5761 sermo,
1515 5708 1601 5764 coque
1612 5693 1802 5752 itereticorum
1816 5704 1927 5749 senten·

278 5761 514 5816 ratumetterram
526 5761 592 5817 nibil
613 5761 716 5816 ommno
735 5775 820 5815 rernm
844 5761 1004 5816 conditarum
1030 5778 1074 5816 ea·
1128 5763 1296 5832 tianotatur,
1312 5764 1662 5835 quacnrlstottaprtmum
1677 5767 1704 5822 io
1725 5765 1928 5822 ordinercrum

278 5830 358 5904 ,turre
371 5847 381 5885 .-
394 5832 516 5904 qnonimn
530 5832 558 5886 in
579 5830 707 5904 principio
726 5830 822 5886 eremit
842 5827 913 5888 ilem
935 5833 1027 5888 celem
1049 5841 1075 5888 et
1127 5833 1316 5905 temporalium
1333 5833 1423 5893 locum
1437 5835 1589 5894 concedunt
1604 5854 1612 5894 ε
1628 5845 1657 5895 ut
1670 5838 1796 5909 quamvis
1809 5834 1843 5893 lis
1856 5846 1929 5909 pree-
