4209 6250
260 257 314 323 183
870 258 993 318 subest
1012 259 1140 319 {tinnuli
1159 261 1314 322 EPbelle
1863 272 1918 335 tut

257 378 284 434 ci
295 419 303 446 ,
316 383 344 434 ct
354 373 469 444 ιιιιιι,
485 381 589 433 uotum
604 388 620 431 a
634 381 793 447 tenerque
815 387 908 431 sermo
925 374 1058 432 discerni·
1072 385 1098 441 Α
1111 379 1159 433 ιιι
1169 380 1296 435 credimur
1307 381 1395 449 quiae
1409 380 1465 438 lieo
1484 380 1560 438 eristi
1583 380 1674 455 (fourr.
1692 398 1750 453 ιιι,
1762 382 1821 457 29).
1836 385 1915 456 Qua,

260 481 314 528 tur.
328 468 396 526 Com
408 469 482 526 aliutl
501 470 538 526 sit
558 484 575 525 a
592 469 647 526 Deo
663 471 689 525 in
704 468 884 525 substantiam
912 470 1062 526 nativitatis
1113 488 1189 543 rogo,
1203 471 1262 529 bec
1275 474 1350 529 verbi
1366 473 1447 545 buius
1460 474 1605 531 admiratio
1629 486 1682 544 est,
1699 475 1771 547 quod
1783 491 1813 533 se
1826 479 1919 536 exisse

259 564 365 632 exisse,
380 563 453 619 aliud
467 571 535 619 esta
549 562 631 619 Patre
646 562 673 618 in
688 561 761 619 bone
780 564 910 621 mundum
938 565 971 621 ad
993 579 1063 622 eon·
1113 563 1196 619 abeo
1210 562 1349 635 professus
1368 565 1424 621 sit?
1438 566 1524 623 Tanta
1546 577 1574 625 et
1589 576 1643 624 tam
1667 568 1723 625 beo
1736 568 1845 640 propria
1857 585 1916 637 vos,

259 655 421 712 surnmanda
434 655 528 710 salotis
542 664 643 711 nostra
657 669 828 713 sacramenta
839 659 957 715 venisse.
1113 670 1131 709 o
1145 656 1230 711 saneti
1242 665 1269 712 et
1282 656 1353 712 beati
1369 658 1430 723 viri,
1444 671 1472 715 et
1485 660 1521 716 ob
1536 660 1598 717 fidei
1610 668 1706 717 vestrae
1719 663 1846 717 meritum
1857 663 1917 718 cla·

298 750 344 809 52.
358 748 475 806 Cirrittar
487 749 520 805 ub
530 749 656 822 apostolis
677 752 748 820 plius
774 769 806 808 ea
834 764 930 808 natare
956 769 1007 809 nort
1032 771 1064 810 aa
1115 763 1163 805 ves
1175 747 1215 823 (f)
1231 752 1307 822 regni
1322 751 1454 808 coelornnt
1478 755 1578 823 sortiti,
1592 764 1621 811 et
1635 755 1735 826 ligandi
1749 771 1781 812 aa
1794 756 1918 813 solvendi

260 845 402 914 adoptione
414 844 538 899 creditor.
550 843 633 899 -Et
646 846 754 914 quidem
770 847 920 903 seeundum
935 848 1064 920 proposi·
1116 842 1220 899 in0oe10
1230 854 1257 898 et
1271 844 1297 898 5¹¹
1314 845 1436 916 [filiiflii
1444 846 1545 915 adepti,
1561 858 1706 918 gestaesse
1720 849 1918 919 lef⁰⁰¹¹¹¹¹¹¹¹¹⁰

262 947 325 994 ιιι
347 937 426 994 nobis
454 936 643 1008 responsionis
666 937 788 994 ordinem
815 940 1065 1010 opportunissimus
1116 943 1239 991 nostrum
1250 935 1341 992 lesum
1356 938 1494 995 Cirristunr
1519 940 1565 996 liei
1581 940 1664 996 lulium
1680 941 1808 998 videratis
1822 960 1830 996 ε
1843 952 1871 999 ιι
1884 943 1919 998 atl

263 1032 308 1087 itio
323 1030 403 1087 nobis
417 1029 493 1086 loeas
506 1038 568 1099 est,
584 1038 614 1086 ιιι
628 1031 709 1086 tertio
725 1046 796 1087 nunc
808 1030 956 1088 doceamus
978 1031 1064 1086 lilium
1117 1027 1155 1096 id,
1171 1028 1268 1100 quoda
1282 1031 1336 1087 beo
1348 1030 1439 1087 exisse
1449 1046 1480 1086 se
1492 1030 1569 1099 dixit,
1587 1047 1657 1089 nnnc
1672 1035 1788 1104 primurn
1804 1033 1919 1091 rosveri

264 1123 312 1180 Dei
339 1123 481 1178 bominum
496 1131 618 1179 nostrum
628 1122 723 1180 lesum
738 1110 876 1179 Christum
888 1124 923 1180 ab
935 1124 1067 1196 apostolis
1117 1119 1325 1192 intelligentiam
1338 1122 1446 1193 assequi
1462 1122 1662 1193 protestamini?
1673 1122 1810 1180 videratis
1825 1125 1918 1197 utique

263 1218 397 1275 creditum
414 1214 453 1292 (a)
466 1232 520 1274 nou
535 1218 799 1289 errtvncopatione,
816 1217 864 1274 sed
890 1233 925 1275 ex
950 1227 1065 1285 natura3
1119 1215 1254 1286 nuptiales
1276 1230 1372 1286 aquas,
1398 1215 1437 1289 (q)
1457 1228 1485 1272 et
1498 1216 1607 1273 easdem
1624 1217 1744 1288 neminie
1765 1219 1869 1287 vinum,
1895 1228 1922 1277 et

267 1326 400 1384 nequeat
414 1312 579 1383 adoptione,
596 1310 644 1367 sed
659 1326 694 1366 ex
715 1311 866 1367 nativitate.
896 1311 1067 1381 Quamquam
1118 1320 1222 1362 ιιιιιιιιι
1234 1306 1261 1361 in
1274 1317 1396 1363 naturam
1408 1308 1450 1363 vel
1461 1307 1686 1375 demutationem,
1699 1311 1742 1365 vol
1758 1310 1920 1381 profectum,

268 1406 341 1460 enirn
353 1404 443 1475 plures
456 1413 484 1459 et
496 1404 535 1477 (b)
548 1406 672 1460 maximae
686 1401 775 1459 adbuc
787 1402 919 1475 unigeniti
932 1402 966 1459 de
978 1417 1009 1459 se
1020 1402 1068 1458 bei
1119 1399 1162 1456 ret
1176 1402 1342 1457 creationem
1363 1399 1453 1474 (loun.
1469 1402 1511 1476 ιι).
1533 1402 1659 1473 Quinque
1674 1404 1756 1460 etiam
1782 1420 1865 1473 panes
1887 1404 1922 1461 ad

265 1505 375 1553 exstent
390 1496 574 1568 professiones
586 1539 594 1565 ,
607 1496 705 1568 qnibus
717 1496 901 1567 generationis
914 1510 971 1552 suae
999 1495 1069 1550 veri·
1120 1492 1211 1549 eibum
1225 1498 1307 1548 tantae
1322 1491 1504 1550 multitudinis
1526 1493 1679 1565 fregeratis,
1704 1505 1733 1550 et
1745 1495 1849 1551 sadans
1861 1510 1923 1553 om·

266 1600 349 1647 tatem
364 1591 422 1645 sine
438 1590 490 1646 levi
505 1591 602 1646 saltem
630 1589 812 1646 ementiendae
834 1590 898 1645 litet
926 1588 1070 1645 calumniae
1123 1586 1204 1642 nibus
1226 1587 1253 1642 in
1277 1587 1473 1656 plenitudinem
1500 1585 1644 1643 duodecim
1660 1586 1838 1657 cophinorum
1854 1588 1925 1659 frag·

265 1682 410 1739 occasione
425 1689 542 1739 testetur
554 1700 561 1737 :
572 1689 662 1738 tamen
678 1681 756 1754 157
768 1681 831 1753 quia
858 1696 946 1752 oeque
976 1681 1070 1753 legen·
1124 1690 1216 1735 menta
1230 1677 1272 1753 (ιι)
1286 1678 1326 1751 (2)
1348 1694 1446 1751 panum
1462 1687 1614 1747 creverant,
1630 1688 1658 1735 et
1681 1686 1785 1735 natorte
1808 1680 1926 1751 parvitas

268 1776 335 1832 tium
349 1773 506 1831 onerandus
531 1782 575 1831 est
597 1789 695 1831 serrsos
709 1772 880 1830 coacervatis
903 1771 937 1828 ad
963 1773 1070 1844 copiam
1086 1770 1222 1851 Bfamem
1244 1772 1348 1841 pellens
1367 1772 1519 1841 profecerat
1538 1770 1566 1826 in
1590 1772 1670 1845 15ss
1683 1771 1805 1841 ejusdem
1818 1771 1925 1841 copiam

267 1868 363 1935 dictis,
375 1875 473 1923 etcum
486 1866 543 1939 jam
559 1866 689 1922 nonnulla
713 1865 748 1921 tle
763 1864 930 1936 proprietate
944 1864 1073 1920 nativita·
1123 1874 1227 1918 narone
1240 1860 1347 1934 (doun.
1364 1862 1434 1934 xxv).
1459 1861 1615 1918 lievirulsse
1636 1877 1734 1918 rnanns
1757 1863 1848 1918 aridas
1860 1878 1927 1920 eorr-

267 1960 302 2017 tis
316 1970 426 2016 ostensa
440 1958 494 2014 siat
504 2000 513 2025 ,
523 1968 622 2014 coetera
632 1958 724 2014 omnia
739 1957 800 2013 aliis
812 1969 895 2014 erunt
908 1958 1071 2029 quaestioni-
1123 1956 1292 2028 spexeratis,
1309 1963 1337 2012 et
1352 1956 1380 2011 in
1391 1971 1485 2012 rocem
1502 1965 1636 2011 mutorum
1651 1956 1757 2028 linguas
1772 1956 1885 2023 solutas,
1899 1964 1928 2012 et

267 2051 505 2109 busreserranda.
522 2049 599 2106 Nunc
614 2049 754 2120 veroquia
770 2049 813 2105 irie
828 2050 965 2105 sermonis
979 2049 1067 2105 nostri
1124 2050 1151 2105 in
1173 2063 1283 2105 cursum
1305 2047 1463 2104 claudorum
1489 2049 1573 2121 pedes
1597 2049 1719 2117 alacres,
1743 2059 1772 2105 et
1794 2063 1928 2106 caecorum

268 2145 338 2201 ordo
352 2144 493 2200 institutus
506 2152 567 2211 est,
591 2149 698 2214 etpost
721 2141 811 2198 Patris
825 2141 1072 2207 contestationem,
1124 2142 1218 2199 oculos
1240 2152 1396 2211 cernentes,
1414 2150 1442 2199 et
1456 2154 1626 2199 mortuorum
1651 2144 1720 2199 ritas
1741 2153 1926 2201 reuertentes.

269 2248 333 2311 post
343 2237 403 2295 Filii
417 2236 631 2309 professionem,
661 2234 697 2309 (c)
722 2235 776 2292 llde
803 2251 911 2307 quoque
927 2236 1074 2308 Apostolo-
1125 2235 1235 2294 Freteos
1247 2236 1366 2293 Lazarus
1379 2238 1540 2294 constiterat
1554 2240 1588 2294 ιι1
1603 2253 1709 2306 vocem,
1729 2248 1757 2295 et
1774 2241 1928 2311 esepulcro

271 2346 335 2389 rum
358 2331 393 2388 de
412 2347 477 2387 vcro
500 2339 528 2387 et
554 2329 703 2387 secondum
727 2328 894 2386 nativitatem
920 2328 1075 2386 confitendo
1125 2338 1248 2395 vocatos,
1262 2329 1336 2386 nullo
1352 2329 1702 2399 intervallovoeisetritae,
1716 2331 1928 2401 (ilcitusluerat

273 2424 323 2483 Dei
344 2424 400 2480 flio
412 2424 592 2491 doceremur;
608 2423 754 2479 videndum
766 2430 828 2489 est,
843 2437 877 2477 an
893 2423 920 2477 in
948 2436 982 2478 eo
1002 2421 1076 2493 quod
1126 2435 1262 2492 egressus,
1278 2432 1306 2478 et
1315 2421 1405 2479 adbuc
1415 2422 1528 2479 odorem
1543 2423 1639 2480 mortis
1654 2424 1680 2479 in
1696 2438 1806 2481 sensum
1823 2426 1928 2482 noriam

273 2516 313 2572 ait
326 2516 457 2573 Dominus
468 2558 476 2583 ,
488 2514 531 2572 Ea
545 2512 601 2570 Dra
615 2516 700 2581 omui,
717 2514 790 2570 aliud
803 2514 830 2570 in
846 2530 880 2571 eo
898 2514 1001 2585 aliquid
1025 2528 1076 2586 po·
1128 2516 1225 2586 spirita
1241 2527 1349 2587 agente,
1377 2517 1436 2589 ipse
1454 2517 1509 2589 jam
1524 2517 1601 2573 vivus
1615 2516 1757 2573 adstiterat
1776 2516 1867 2593 (loon.
1890 2535 1931 2587 ιι,

272 2614 327 2667 tius
338 2626 420 2683 quam
434 2620 559 2666 naturam
575 2609 759 2667 intellexerint
770 2610 930 2666 nativitatis.
1125 2605 1186 2678 li).
1202 2607 1292 2664 Taceo
1305 2607 1340 2665 de
1363 2610 1468 2665 caeteris
1483 2624 1640 2679 magnarum
1663 2610 1791 2665 virtutum
1815 2621 1844 2667 et
1864 2610 1933 2667 diri-

305 2705 351 2762 55.
373 2703 443 2773 Qua
455 2704 489 2759 sit
501 2703 570 2775 qaod
580 2705 696 2772 priorum
706 2705 812 2760 credatu
823 2720 906 2760 eunte
918 2701 973 2759 Dea
982 2703 1076 2761 ιιὶιιι.
1128 2715 1224 2756 aarum
1237 2702 1452 2772 operationibus.
1466 2703 1543 2759 Nunc
1564 2717 1630 2775 ergo
1645 2704 1762 2774 primum
1778 2704 1931 2775 intelligitis

269 2826 307 2840 -
320 2797 384 2854 Post
399 2798 497 2853 multas
521 2811 639 2868 namque
655 2796 861 2866 proverbiorum
883 2796 1074 2863 obscuritates,
1129 2799 1173 2870 qni
1188 2799 1223 2854 sit
1238 2796 1282 2853 bie
1306 2798 1406 2853 missus
1431 2812 1447 2853 e
1461 2797 1548 2864 coelis,
1574 2807 1715 2870 postquam
1742 2797 1876 2854 audistis:
1891 2797 1931 2854 lle

270 2888 369 2959 quibus
390 2887 417 2943 in
432 2887 568 2958 parabolis
580 2888 687 2944 loeutus
710 2895 801 2955 esset,
824 2902 905 2960 quern
924 2888 982 2958 jam
997 2897 1077 2944 antea
1130 2891 1212 2947 Patre
1223 2890 1309 2945 enini?
1325 2890 1358 2946 Et
1371 2890 1510 2945 frocvobis
1523 2889 1637 2961 primum
1648 2891 1704 2961 jam
1716 2890 1932 2961 sineproverbio

271 2980 410 3039 Christum
422 2980 545 3038 edebam
554 2981 771 3038 annuntiatuma
784 2982 876 3054 lloyse
888 2989 916 3036 et
927 2982 1077 3052 proplretis,
1129 2984 1232 3041 dietum
1243 2993 1295 3054 est,
1306 2994 1334 3040 et
1349 2998 1397 3054 per
1409 2994 1513 3040 natrtree
1527 2983 1655 3040 virtutem
1671 2985 1821 3056 intelligitis
1837 3000 1932 3041 venun

273 3072 431 3132 confessum
445 3088 578 3146 quoquea
591 3072 743 3131 Nathanael
755 3082 782 3131 et
792 3073 936 3130 beillliom
949 3083 977 3131 et
987 3089 1078 3147 regern
1131 3077 1274 3149 essequod
1290 3093 1304 3132 a
1320 3076 1375 3134 lieo
1396 3078 1490 3144 exivit,
1504 3092 1565 3134 cum
1580 3077 1747 3134 voluntatum
1762 3077 1802 3152 (ὅ)
1816 3076 1852 3153 (j)
1870 3094 1930 3136 ves-

272 3169 357 3227 lsrael
379 3167 470 3240 (foen.
484 3183 504 3234 ι,
520 3169 578 3240 ta),
604 3168 748 3240 obiurgata
766 3167 850 3223 etiam
863 3167 999 3239 Philippo,
1015 3173 1114 3235 cumc
1131 3179 1232 3228 trorum
1243 3169 1420 3242 cogitationes
1434 3173 1531 3227 tacitus
1541 3171 1672 3239 intuetur,
1682 3186 1742 3226 cum
1756 3169 1795 3244 (fr)
1807 3170 1843 3227 tic
1854 3172 1934 3228 nullis

272 3262 309 3319 tle
321 3262 402 3317 Patre
415 3271 561 3333 qtraereret,
577 3275 626 3316 cur
641 3275 689 3330 per
701 3275 815 3331 operum
827 3260 954 3316 virtutem
970 3260 1078 3316 Patrem
1132 3276 1268 3338 tamquam
1283 3263 1392 3334 ignarus
1406 3264 1566 3334 interrogat,
1586 3277 1647 3318 cunr
1671 3264 1793 3319 orunium
1806 3264 1933 3335 cognitor

273 3356 301 3412 in
315 3369 346 3411 se
360 3353 401 3428 (ι)
416 3352 457 3427 (ιι)
470 3368 532 3411 esse
544 3363 611 3411 etse
624 3354 650 3410 in
665 3353 745 3409 Patre
758 3353 848 3410 inesse
861 3354 990 3422 nesciret,
1002 3368 1080 3411 curn·
1131 3357 1193 3414 esti
1207 3357 1259 3413 Per
1274 3355 1332 3412 luteo
1345 3356 1417 3411 enirn
1430 3359 1533 3424 omnia,
1548 3371 1608 3427 quar
1622 3357 1722 3412 uirtute
1731 3369 1763 3411 ac
1775 3365 1869 3412 natura
1886 3355 1935 3413 liei

274 3464 328 3519 que
340 3463 372 3505 ee
386 3465 401 3503 a
417 3447 498 3504 Patre
518 3447 630 3504 missum
653 3446 840 3518 frequentibus
854 3447 934 3504 dictis
948 3457 1011 3504 ante
1030 3448 1080 3505 do·
1131 3450 1197 3520 agit,
1213 3464 1228 3502 ι
1241 3449 1296 3504 lieo
1310 3450 1400 3504 exisse
1414 3446 1566 3505 credendus
1581 3457 1632 3504 est.

274 3542 377 3599 causet
390 3541 481 3613 (dean.
504 3557 559 3607 ιιι,
575 3541 683 3612 9-12);
710 3550 800 3597 tamen
824 3556 885 3598 cum
905 3542 1079 3613 profitentem
1166 3541 1706 3600 bl.PriusuenerantaDeatnirraorrsed
1715 3545 1937 3602 natiuitatisratia·

275 3647 338 3691 enm
351 3634 492 3690 audissent
512 3648 543 3690 se
557 3648 573 3688 ι
589 3634 645 3690 beo
658 3633 757 3700 exisse,
774 3633 832 3690 brec
853 3649 948 3690 eorum
964 3650 1080 3705 respon-
1133 3654 1191 3693 neor
1200 3654 1253 3692 non
1261 3645 1420 3708 acceperant.
1437 3668 1472 3678 -
1486 3638 1544 3693 lion
1556 3638 1600 3694 iric
1622 3639 1709 3695 sancti
1723 3640 1862 3709 apostolia
1878 3639 1934 3696 beo

275 3726 317 3782 sio
340 3726 390 3782 luit
415 3725 565 3810 (connexus
588 3725 661 3782 euim
684 3725 729 3782 lrie
752 3726 804 3785 sibi
826 3741 916 3783 sermo
930 3726 984 3800 est)
1007 3726 1080 3783 :Di·
1134 3733 1233 3804 exisse,
1247 3732 1274 3788 id
1286 3742 1339 3799 est,
1355 3733 1437 3790 abeo
1451 3733 1563 3789 misertor
1578 3747 1638 3789 esse
1652 3734 1857 3802 intellexernut;
1872 3750 1934 3791 nam

278 3829 338 3874 caat
349 3818 385 3892 (ι)
400 3820 424 3874 ei
437 3820 558 3891 discipali
572 3823 639 3894 ejus,
655 3817 736 3874 Nunc
748 3820 835 3889 palem
848 3821 968 3893 foqrrerit,
983 3832 1007 3877 ιι
1019 3839 1081 3893 pro·
1133 3823 1208 3880 omni
1219 3824 1360 3894 superiore
1374 3838 1500 3879 sermone
1519 3824 1691 3881 annitentem
1706 3825 1819 3881 missum
1830 3840 1891 3881 esse
1904 3842 1935 3883 se

275 3912 390 3969 rubiam
406 3913 508 3969 nnllam
531 3914 605 3968 dicit.
633 3911 711 3968 Nune
733 3930 794 3987 erqo
817 3915 911 3970 scimur
932 3915 993 3985 qaia
1014 3919 1082 3972 trosti
1135 3916 1290 3989 frequenter
1310 3916 1451 3973 audierant
1467 3916 1537 3973 :sed
1559 3916 1731 3974 audientesa
1754 3917 1812 3974 lieo
1834 3919 1933 3984 exisse,

276 4006 374 4070 omma,
388 4015 412 4062 ιι
425 4021 477 4061 ιιι
490 4004 567 4062 bader
579 4020 680 4062 ιιιιιιιι
690 4014 717 4060 at
730 4004 824 4078 aliquit
840 4016 863 4061 te
875 4008 1014 4079 interroget
1028 4025 1038 4064 .·
1053 4010 1082 4065 in
1137 4020 1260 4067 patrnam
1291 4013 1317 4066 lu
1340 4024 1374 4066 eo
1400 4010 1446 4066 1)ιὶ
1471 4024 1504 4065 er
1526 4010 1653 4080 operibus
1664 4019 1819 4078 cernentes,
1831 4018 1935 4066 naturae

315 4140 343 4213 (1
376 4143 516 4201 Οιιιίιιίιιιι
528 4159 582 4199 este
595 4145 623 4198 in
636 4150 731 4199 nostro
744 4157 797 4199 ms.
1170 4148 1211 4221 (5)
1232 4145 1398 4204 Nostrarum.

317 4212 346 4288 (ἰ
378 4213 534 4287 Fragmenta
547 4215 663 4286 parium.

317 4353 358 4427 (a)
372 4356 507 4427 Panpost
520 4353 657 4425 lipsium.
682 4353 806 4408 traditum
820 4371 828 4411 ι
841 4354 911 4410 male
930 4364 958 4412 ιι
980 4364 1081 4427 praeter
1136 4356 1207 4412 foret
1228 4354 1301 4427 quod
1322 4352 1471 4411 decadem
1496 4349 1596 4407 Christi
1620 4349 1691 4406 foetu
1714 4348 1752 4405 ait
1772 4348 1888 4407 llilarfus
1909 4352 1935 4406 io

282 4429 397 4484 aliorum
412 4426 543 4481 librorum
562 4424 655 4481 fidem.
671 4423 776 4496 Quippe
799 4426 918 4482 nondum
943 4426 1082 4500 apostolo·
1136 4425 1230 4482 llattb.
1242 4441 1267 4481 c.
1283 4442 1338 4487 xxv.
1356 4442 1384 4480 n.
1400 4424 1434 4480 li
1448 4443 1455 4478 :
1471 4421 1568 4479 Crescit
1578 4422 1670 4477 deinde
1685 4422 1805 4477 materies
1818 4437 1829 4477 .·
1838 4432 1866 4476 ιι
1878 4435 1938 4490 post

280 4515 339 4555 rum
350 4497 471 4554 doctrina
487 4495 659 4568 exporrditur,
674 4495 722 4552 scd
734 4496 810 4552 fides.
1136 4514 1232 4568 pauca,
1244 4497 1381 4553 ductorem
1391 4497 1459 4551 enim
1471 4497 1547 4568 bojas
1558 4493 1731 4548 uniuersitatis
1744 4502 1830 4547 tanton
1840 4510 1937 4563 panant

317 4569 356 4642 (b)
381 4567 409 4624 ln
434 4569 508 4640 prius
533 4568 655 4639 vulgatis,
681 4568 810 4634 nraairne,
838 4568 1006 4625 adverbium.
1032 4569 1081 4624 llic
1135 4573 1266 4642 profectas
1280 4568 1400 4630 ostendit,
1413 4563 1938 4637 perquemtatiinerementonrodutper·

283 4640 458 4707 ausintte‚itl
471 4649 531 4705 est,
553 4640 712 4694 clarissime.
740 4635 809 4694 uun
837 4641 864 4695 iu
887 4641 1082 4695 rottensstnns
1098 4639 1379 4725 Duroctottcrnolerioe
1390 4639 1538 4692 adderetur.
1554 4635 1672 4692 Facilius
1689 4641 1777 4706 itaque
1792 4638 1817 4691 ei
1832 4651 1936 4690 annue·

282 4711 610 4780 excommunecetur
631 4709 714 4766 Caro.
738 4711 866 4766 scribitur
890 4709 1004 4779 adbarrc,
1028 4728 1082 4766 riou
1136 4725 1238 4775 remus,
1254 4711 1304 4765 nisi
1320 4711 1403 4765 uerbo
1418 4719 1518 4763 natare
1531 4722 1592 4763 mox
1609 4710 1735 4778 repetito,
1751 4708 1775 4760 ei
1791 4708 1938 4776 praemitte-

283 4783 442 4839 aliosensu.
1136 4794 1211 4837 retur·
1234 4782 1360 4855 ejusdenr.
1399 4780 1461 4836 linc
1488 4780 1618 4834 sententia
1643 4795 1657 4832 a
1685 4778 1847 4848 procedenti
1881 4791 1936 4833 nou

317 4857 342 4928 (ι
373 4854 410 4909 lta
426 4854 533 4908 inmss.
549 4852 854 4917 itinerariorum.
1067 4880 1083 4906 ι
1136 4853 1227 4909 differt
1251 4853 1301 4908 nisi
1325 4851 1472 4907 vocafnrlis.
1491 4848 1591 4906 Deinde
1603 4850 1630 4905 in
1646 4865 1698 4905 ms.
1715 4847 1766 4904 ilat
1791 4849 1847 4904 bas.
1871 4849 1938 4904 reni·

319 4855 360 4999 (ab
382 4924 452 4980 Editi
478 4923 637 4979 fricornisso
660 4938 724 4985 este,
747 4922 935 4993 subjiciebant,
960 4932 985 4978 et
1007 4940 1035 4979 ιι
1058 4925 1085 4979 in
1136 4925 1220 4979 roiate
1240 4940 1346 4979 manant
1369 4924 1468 4979 aridam
1482 4938 1492 4976 .·
1507 4919 1577 4990 qnod
1604 4935 1621 4975 a
1642 4921 1772 4976 subnexis
1793 4919 1936 4985 dissonat,

284 4996 364 5053 Patre
385 5011 440 5052 esre
466 4995 586 5061 nesciret,
603 5009 657 5050 non
681 4993 774 5049 inesto.
798 4993 962 5051 Ctrnciunior
975 5005 1017 5051 est
1030 4995 1086 5052 lce·
1138 4996 1384 5066 inquibuscatera
1404 4995 1504 5051 Christi
1517 4999 1592 5064 gesta
1608 4992 1705 5062 plurali
1724 5006 1837 5048 numero
1851 5006 1938 5048 enutr-

283 5071 321 5126 tio
336 5084 401 5124 mss.
1137 5068 1248 5123 uantur.

320 5140 347 5215 (e
379 5139 440 5196 Par.
455 5152 516 5194 cum
538 5145 646 5194 vetusto
660 5151 712 5191 ms.
729 5134 820 5204 Colb„
844 5132 941 5192 Dicant
954 5153 1016 5210 erqo
1031 5137 1087 5192 dir·
1175 5138 1216 5210 (ι’)
1227 5139 1272 5194 Sic
1290 5153 1356 5194 mss.
1370 5138 1406 5194 tlt
1416 5134 1492 5203 editi,
1509 5135 1568 5190 cito.

285 5213 344 5283 cipe
358 5212 377 5267 i.
1173 5212 1208 5281 (i)
1227 5207 1352 5280 Plerique
1374 5224 1406 5264 ae
1426 5212 1545 5277 potiores
1560 5220 1626 5260 nise.
1654 5213 1809 5262 nortrarrun.
1833 5204 1895 5262 idox
1908 5205 1937 5261 in

322 5280 357 5355 (fl
376 5281 405 5337 ln
424 5279 621 5351 antiquioribus
634 5292 700 5334 mss.
723 5276 767 5333 bic
787 5279 893 5334 clarem.
917 5278 1032 5336 inferius
1046 5288 1087 5335 ta·
1136 5281 1262 5337 omnibns
1276 5283 1369 5336 tacitas
1377 5296 1388 5348 ,⁴
1402 5278 1445 5335 ubi
1458 5278 1485 5332 iu
1499 5276 1606 5334 excusis
1620 5276 1721 5331 tacitas.

285 5369 350 5410 men
363 5352 421 5408 baec
435 5367 484 5408 vox
499 5361 588 5408 exstat
602 5352 628 5407 iu
643 5349 739 5422 plurali
753 5364 867 5407 numero
882 5351 1012 5408 libroruin
1027 5368 1087 5407 orn-
1176 5351 1215 5423 (ι)
1235 5352 1315 5416 Editi,
1332 5356 1363 5406 dc
1380 5347 1521 5407 mavultis.
1541 5347 1652 5404 flectitis
1673 5363 1739 5403 rrrss.
1763 5350 1893 5419 potiores.
1906 5350 1939 5403 de

286 5426 360 5481 ninrn
374 5438 519 5479 consensu.
1140 5423 1388 5491 atolfir;respieitrtr
1408 5423 1481 5477 eninr
1505 5420 1580 5484 illud,
1607 5416 1669 5475 lion
1691 5419 1768 5475 nuber
1789 5436 1890 5474 uerene
1909 5431 1937 5473 ιιι

323 5496 363 5569 (gl
377 5494 457 5561 Bari..
472 5494 518 5550 Er.
534 5502 561 5549 et
572 5496 737 5550 recentiores
750 5508 816 5549 nrss.
830 5502 854 5549 ιι
867 5494 894 5548 ia
905 5492 1012 5549 eisdem.
1024 5492 1084 5551 ble-
1139 5494 1232 5562 aliquit
1252 5504 1275 5548 tc
1285 5496 1434 5566 itrterroget.
1451 5492 1546 5548 Postea
1562 5489 1622 5546 vat.
1638 5491 1697 5545 bas.
1714 5507 1765 5546 nrs.
1782 5491 1869 5546 :dnn
1881 5506 1937 5544 oot-

286 5568 340 5622 lius
361 5566 406 5621 olii
430 5566 502 5630 libri,
525 5573 548 5619 ιι
562 5565 675 5630 caedent,
700 5566 795 5638 supple
810 5567 914 5638 factor:
929 5563 980 5620 nisi
1004 5565 1083 5622 malis
1138 5566 1207 5619 ninrn
1221 5565 1378 5620 occultarant
1392 5564 1507 5635 coguitor
1518 5573 1571 5630 est;
1584 5560 1661 5617 llari.
1675 5580 1682 5616 ι
1694 5561 1757 5617 Cum
1766 5562 1881 5616 omninno
1894 5579 1937 5616 oc·

287 5652 348 5693 cnnr
362 5636 467 5692 Martio.
481 5645 506 5691 et
520 5652 552 5690 ea
565 5636 672 5690 eisdem.
1137 5636 1207 5690 culta
1221 5638 1340 5691 cortditor
1352 5644 1390 5690 ert
1403 5652 1413 5690 .·
1428 5634 1518 5690 rniuns
1527 5636 1648 5699 sincere;
1662 5649 1723 5690 cunr
1735 5635 1762 5688 in
1773 5649 1852 5688 saera
1863 5644 1936 5688 textn

326 5706 366 5780 (ιι)
385 5707 556 5778 lirrtiqoiores
580 5722 646 5762 ross.
664 5708 781 5781 ponium
806 5707 873 5763 Tum
891 5707 1018 5764 Emsmus
1040 5708 1082 5765 le·
1138 5710 1165 5762 in
1180 5723 1260 5775 quern
1276 5710 1320 5764 irie
1333 5707 1485 5779 respicitur,
1501 5704 1660 5775 sinrplieiter
1682 5713 1782 5773 exstet,
1795 5705 1857 5777 qaia
1870 5717 1937 5761 narn

287 5780 403 5849 gentiunt
417 5786 528 5848 putatet
540 5777 654 5833 nnete
663 5778 786 5849 paruitas,
802 5793 856 5835 nou
870 5789 897 5835 et
909 5787 1019 5836 uattrte.
1033 5779 1083 5837 unt
1136 5779 1232 5834 omorio.
