4209 6250
283 275 335 335 att

884 266 1006 325 sancit
1025 265 1155 325 uiuenti
1173 265 1329 324 Eetscotu

1883 266 1935 327 248

284 391 479 466 pimus-Non
490 391 661 450 estlrumauo
675 397 722 445 aut
733 385 826 445 secoli
839 400 921 443 sensu
934 385 961 441 in
977 385 1024 441 liei
1039 399 1085 441 rc-
1099 384 1217 455 Aetel.
1231 384 1260 442 Si
1283 385 1427 443 uoluntatis
1442 393 1545 442 tanturn
1561 385 1692 443 unitatem
1707 385 1820 458 intelligi
1835 385 1935 444 vellet:

282 485 336 543 ltus
347 484 511 561 loquendum
523 484 571 557 (V.
585 484 629 538 ιιι.
641 499 678 550 ιι,
692 499 722 538 ιι.
738 479 784 553 ιι)
798 494 903 552 :neque
914 478 952 555 (α)
967 494 1015 551 per
1027 478 1087 537 rio-
1116 548 1119 552 =

283 579 386 637 lentam
408 578 450 647 ll)
465 586 546 648 atque
559 575 760 646 imprudentem
776 572 1015 644 praedicationem
1030 586 1087 629 coe·

191 726 196 737 ,
285 673 395 731 lestium
410 671 544 727 dictorum
559 668 678 735 suauitati,
692 668 789 724 alienae
802 676 883 738 atque
898 666 988 737 impius
1008 665 1088 721 intel·

284 763 402 837 ligentiue
416 761 601 833 extorquenda
613 760 652 836 (ιι)
668 760 835 833 perversitas
845 770 896 816 est.
911 758 977 829 erce
987 758 1087 827 scripta

285 868 350 914 suut
363 857 494 926 legamus,
506 866 533 912 et
546 871 605 926 qttae
619 853 763 927 legerimus
778 854 959 925 intelligamus
971 871 978 907 :
992 861 1019 907 ct
1028 861 1087 907 turn

285 950 414 1024 perleetm
426 949 489 1006 fidei
503 950 596 1006 cilicio
616 950 769 1021 iungentur.
787 949 824 1004 lle
843 947 958 1003 naturali
972 946 1044 1002 enirn
1060 946 1087 1000 in

286 1045 364 1101 uoltis
379 1042 479 1099 Cirristi
492 1042 606 1098 ueritate
625 1058 686 1113 qum
695 1042 821 1107 dicimus,
834 1041 885 1096 nisi
902 1040 937 1095 alr
949 1055 983 1096 eo
993 1037 1089 1094 didici·

285 1153 358 1205 mus,
374 1136 456 1193 stulte
471 1146 551 1204 atone
564 1134 646 1207 impie
656 1132 781 1189 dicimus.
802 1133 861 1204 lpse
873 1132 944 1188 enim
960 1128 1088 1200 ait,l1orc

286 1247 343 1286 meo
357 1244 415 1285 aere
437 1237 473 1285 ert
490 1245 558 1294 erro,
571 1237 595 1283 et
609 1228 716 1296 suupnir
729 1244 800 1282 mear
814 1243 871 1281 uere
884 1237 920 1282 ιιι
935 1236 1020 1299 ριιιιι.
1037 1223 1089 1292 Qui

286 1323 339 1378 etlit
359 1338 462 1377 eorttem
478 1337 580 1388 arreum,
600 1330 624 1375 et
639 1319 701 1375 iilit
715 1319 867 1391 sanquinem
883 1334 985 1382 meunt,
1009 1318 1036 1371 iu
1049 1333 1089 1371 me

286 1426 382 1482 innuet,
405 1425 429 1470 et
448 1430 495 1486 epo
517 1414 545 1468 iu
566 1429 596 1471 en
609 1411 699 1487 (loon.
717 1430 754 1479 rr,
774 1412 823 1478 56,
850 1412 908 1481 57l·
925 1412 1090 1468 Deseritate

287 1508 379 1564 corruis
392 1515 421 1563 ct
433 1507 573 1578 sanguinis
586 1522 639 1562 non
653 1504 767 1562 relictus
779 1513 822 1561 est
836 1503 988 1575 ambigendi
1002 1504 1089 1562 locus.

286 1597 365 1656 Nrrrrc
377 1599 449 1654 euim
465 1608 495 1654 et
507 1596 542 1671 (e)
553 1597 640 1667 ipsius
662 1596 768 1653 Domini
789 1595 977 1667 professione,
995 1604 1023 1651 et
1037 1595 1091 1652 lide

287 1701 379 1749 nostra
391 1707 456 1750 rere
467 1706 532 1749 coro
544 1701 597 1758 est,
611 1700 639 1749 et
653 1707 717 1748 vere
731 1691 842 1764 sanguis
859 1701 911 1748 cst.
928 1692 961 1749 Et
975 1693 1032 1749 lrace
1044 1706 1092 1748 ae·

1137 490 1186 534 cur
1196 477 1308 549 gradum
1327 477 1472 549 quemdam
1486 488 1568 550 atque
1580 478 1704 536 ordinem
1715 479 1935 538 consummandae

1138 571 1248 627 unitatis
1260 572 1386 642 crposuil
1400 590 1406 626 :
1421 572 1472 628 nisi
1485 579 1515 629 ut
1526 588 1588 628 curn
1606 572 1651 628 ille
1663 571 1691 628 iu
1701 572 1783 629 Patre
1798 588 1847 642 per
1855 582 1936 630 natu·

1140 681 1196 721 ram
1210 665 1357 723 diuinitatis
1369 675 1456 732 essct;
1470 675 1623 722 uosoontra
1637 666 1664 720 in
1679 681 1713 721 eo
1729 665 1823 740 per(e)
1839 681 1937 739 corpe·

1138 759 1222 816 ralem
1238 758 1298 829 ejus
1320 760 1498 826 uicinitatem,
1514 769 1542 814 et
1555 759 1602 815 ille
1622 773 1730 814 rursum
1756 759 1783 814 in
1796 760 1876 815 uobis
1889 776 1936 833 per

1138 860 1370 910 sacramentorum
1385 854 1474 910 irtesse
1489 854 1649 924 mysterium
1657 852 1817 909 crederetur
1831 873 1839 908 ι
1854 868 1887 909 ae
1897 854 1937 911 sic

1139 943 1258 1017 perlecta
1270 960 1317 1015 per
1332 943 1505 1001 Medioloreru
1517 946 1609 1000 unitas
1619 944 1771 1011 doceretur,
1785 960 1846 1002 cum
1860 946 1938 1003 nolis

1139 1038 1166 1093 in
1177 1052 1208 1094 se
1223 1038 1394 1093 ruraneutiltus
1408 1037 1466 1108 ipse
1486 1046 1609 1093 urarrerut
1619 1038 1645 1092 in
1658 1036 1754 1101 Patre,
1776 1044 1804 1093 et
1815 1037 1844 1092 in
1857 1037 1938 1095 Patre

1139 1147 1253 1189 orroeos
1268 1141 1391 1189 maneret
1406 1131 1432 1187 in
1449 1132 1545 1197 uobis3
1561 1140 1589 1188 et
1606 1132 1642 1187 ita
1656 1130 1690 1186 ad
1704 1131 1836 1189 unitatem
1850 1131 1938 1189 Patris

1140 1226 1348 1299 prolicerenms,
1363 1224 1465 1299 (ticum
1478 1228 1523 1297 qui
1534 1226 1560 1280 in
1573 1240 1607 1282 eo
1620 1226 1778 1283 naturaliter
1789 1226 1939 1284 secuudum

1141 1319 1308 1376 nativitatem
1323 1320 1404 1386 inest,
1419 1335 1469 1376 nos
1481 1335 1590 1391 quoque
1603 1319 1631 1376 in
1643 1335 1678 1377 eo
1692 1320 1854 1378 traturaliter
1868 1322 1942 1380 ines·

1140 1429 1243 1476 setrius,
1260 1416 1319 1483 ipso
1332 1414 1360 1469 in
1374 1413 1450 1470 uolris
1465 1414 1625 1470 naturaliter
1636 1416 1833 1483 permanente?

1178 1509 1222 1565 td.
1242 1507 1334 1565 liniter
1348 1510 1404 1564 liter
1421 1525 1499 1580 quom
1518 1509 1656 1565 rtolurulis.
1682 1508 1775 1566 Uiritus
1798 1507 1862 1563 Filii
1882 1524 1942 1563 ειιιιι

1143 1600 1233 1658 Ριιιι.
1246 1632 1283 1644 -
1296 1602 1382 1670 Quam
1392 1610 1481 1656 autem
1493 1601 1622 1656 neutralis
1636 1601 1663 1656 iu
1683 1601 1762 1657 nohis
1778 1601 1837 1657 lrtec
1853 1600 1943 1658 unitas

1141 1695 1187 1761 sit,
1200 1695 1257 1766 ipse
1279 1695 1315 1750 ita
1336 1701 1450 1750 testatus
1464 1702 1506 1751 est
1519 1712 1528 1750 r
1542 1693 1594 1761 Qui
1608 1693 1661 1749 edit
1682 1710 1785 1749 curnem
1805 1709 1906 1762 meam,
1918 1700 1945 1749 ιι
2014 1734 2016 1737 -

286 1797 364 1856 cepta
387 1796 467 1858 atquc
481 1787 575 1843 lratrsta
591 1785 617 1842 nt
631 1784 774 1850 alliciunt,
798 1784 881 1860 Μ
899 1795 927 1841 ut
940 1797 968 1841 et
990 1802 1041 1842 uos
1061 1787 1089 1842 iu
1103 1782 1129 1845 B
1141 1788 1203 1844 didit
1216 1788 1366 1860 sanquinem
1379 1804 1472 1851 meum,
1485 1788 1759 1860 interamnensem
1775 1787 1802 1840 in
1812 1801 1842 1840 eo
1852 1783 1944 1855 (inan.

287 1878 416 1945 Christo,
440 1890 469 1936 ct
485 1877 609 1935 Cirristus
624 1879 650 1934 in
666 1878 896 1936 annosissimae
919 1879 971 1935 lroe
991 1880 1091 1935 veritos

288 1988 342 2029 nou
356 1973 414 2027 esti
429 1971 574 2043 Caiatingut
591 1971 670 2042 plane
693 1971 735 2026 liis
749 1985 842 2026 ιιιιιιιι
864 1986 918 2026 non
935 1985 1017 2039 esse,
1043 1972 1091 2042 qui

290 2066 427 2123 Christum
441 2066 535 2124 lesum
551 2081 644 2122 rernm
657 2079 718 2121 esse
734 2064 818 2122 [lenm
829 2065 973 2137 denegant.
989 2065 1037 2122 Est
1047 2080 1092 2121 er·

290 2176 326 2231 go
350 2162 377 2215 in
391 2158 471 2217 nobis
485 2159 543 2230 ipse
557 2174 605 2229 por
618 2166 778 2226 carnerunt
797 2172 891 2214 sumus
912 2157 939 2212 in
954 2164 992 2214 'eo
1006 2176 1013 2214 r
1028 2155 1095 2213 dum

292 2252 333 2325 (ιι)
345 2266 438 2310 secum
449 2254 511 2320 lroe,
523 2252 596 2322 quod
612 2265 779 2318 possumus,
796 2251 823 2307 in
837 2251 893 2310 oen
904 2260 957 2309 est.

237 2382 240 2387 «
328 2347 372 2405 li.
385 2345 506 2417 Perfecto
522 2346 607 2414 ιιιὸιι,
619 2345 721 2401 Cleristo
736 2345 879 2410 ntedionte,
894 2362 954 2400 conr
967 2347 1023 2402 Deo
1034 2347 1097 2402 uui·

292 2438 467 2509 tnr.-Quam
481 2448 571 2496 autern
585 2440 611 2495 in
627 2455 660 2497 eo
671 2455 720 2509 per
732 2450 930 2496 sacramentnm
945 2442 1096 2497 communi·

292 2541 361 2588 eatae
375 2532 467 2588 caratis
480 2541 508 2588 et
521 2534 661 2602 muteronis
677 2532 772 2595 simus,
787 2532 846 2604 ipse
858 2542 972 2591 testatur
985 2534 1096 2606 dicens,

292 2624 328 2680 Et
341 2625 383 2680 irio
397 2626 508 2680 ιιιιιιιιιιιι
522 2626 627 2696 melsun
638 2641 689 2680 nort
700 2626 766 2680 ridet
773 2642 783 2692 ,·
798 2642 842 2681 ιιι
854 2635 940 2681 notem
951 2643 992 2681 me
1003 2627 1098 2683 uideli-

292 2721 345 2788 tir,
368 2721 489 2790 quonium
510 2736 557 2792 epo
570 2720 642 2786 uino,
658 2729 681 2775 ιι
695 2736 739 2777 ιιι
752 2721 857 2789 otieris·
872 2723 995 2792 quoniam
1008 2739 1056 2793 epo
1069 2725 1098 2778 ιἰι

294 2814 376 2871 Ραιιι
389 2824 490 2883 memet
499 2830 544 2870 ιιι
558 2816 586 2870 in
596 2830 644 2882 nte,
657 2826 681 2871 et
692 2815 777 2889 epeia
791 2814 862 2872 tolio
874 2813 966 2889 (doru.
983 2832 1040 2889 xro,
1051 2815 1096 2886 ta,

341 2955 368 3029 i)
381 2957 463 3027 Atque
476 2955 655 3029 impudentem.

341 3028 359 3082 2
385 3025 456 3091 ipre.

342 3101 359 3157 ὃ
387 3097 519 3157 litentur.

1144 1901 1182 1951 rr,
1196 1883 1253 1956 57).
1266 1882 1325 1939 Νοιι
1336 1883 1408 1938 cuim
1422 1881 1482 1951 apriis
1496 1880 1523 1937 in
1532 1896 1566 1937 eo
1576 1881 1638 1948 erit,
1651 1881 1702 1936 nisi
1714 1881 1740 1934 in
1751 1895 1805 1950 quo
1817 1880 1946 1948 ipseltte·

1144 1981 1197 2037 rit:
1211 1979 1271 2049 ejus
1285 1984 1387 2033 tanturn
1401 1976 1440 2048 (il
1453 1977 1479 2031 iu
1494 1986 1698 2048 seassumptam
1711 1974 1945 2043 liabenscarnem,

1145 2076 1190 2147 qui
1204 2089 1281 2128 stram
1302 2071 1456 2143 sumpserit.
1481 2067 1611 2127 Perleetae
1634 2078 1724 2124 autem
1741 2067 1821 2138 htrjos
1835 2065 1950 2124 utrimtis

1146 2167 1228 2241 225
1246 2173 1445 2222 sacramentum
1459 2161 1499 2235 (pl
1519 2160 1644 2232 superius
1665 2160 1720 2233 jam
1736 2159 1883 2225 docuerat,
1905 2158 1951 2213 di-

1147 2274 1229 2317 ceos:
1241 2257 1315 2314 Sicut
1327 2256 1397 2310 arisit
1410 2271 1451 2310 me
1462 2254 1548 2309 uicem
1562 2252 1651 2317 Potes,
1665 2261 1689 2307 ιι
1704 2269 1751 2327 epo
1767 2252 1823 2307 rito
1832 2267 1878 2325 per
1892 2249 1952 2305 Po-

1148 2365 1232 2411 trem:
1247 2363 1272 2409 et
1289 2354 1334 2424 qni
1347 2350 1538 2406 nrondurouerit
1549 2363 1633 2403 rneom
1645 2362 1759 2413 aarum,
1779 2355 1803 2402 et
1816 2347 1871 2418 ipre
1883 2346 1952 2401 uitet

1147 2464 1194 2522 per
1207 2462 1247 2501 ure
1265 2443 1346 2519 (ltro.
1363 2439 1420 2514 58).
1444 2441 1515 2498 Viuit
1536 2454 1603 2512 erpo
1623 2453 1672 2510 per
1694 2438 1802 2495 Patrem
1817 2455 1824 2493 r
1839 2446 1867 2493 et
1892 2452 1952 2509 quo

1150 2539 1231 2600 modo
1244 2555 1292 2612 per
1302 2540 1410 2594 Patrem
1422 2535 1499 2602 risit,
1513 2533 1610 2591 eodem
1619 2532 1701 2589 ruodo
1712 2546 1762 2587 nos
1774 2546 1823 2602 per
1836 2544 1951 2586 caruem

1150 2636 1209 2706 ejus
1224 2632 1264 2707 (3)
1278 2632 1404 2687 uirirnus.
1418 2627 1515 2684 (imnis
1535 2625 1608 2682 enim
1622 2623 1789 2694 comparatio
1801 2621 1835 2678 ad
1845 2621 1952 2677 intelli·

1149 2727 1246 2800 gentico
1261 2728 1373 2780 lormam
1387 2719 1559 2794 presumitur
1573 2736 1580 2773 :
1596 2726 1625 2773 ot
1646 2716 1691 2782 id,
1707 2716 1741 2772 de
1758 2731 1813 2787 qun
1837 2715 1924 2787 agitur
1940 2755 1951 2782 ,

1150 2817 1299 2879 secondom
1324 2815 1493 2890 propositum
1518 2809 1671 2882 cantuplum
1697 2806 1736 2881 (i)
1760 2822 1951 2880 assequamur.

1185 2958 1227 3033 (ι)
1253 2958 1332 3014 Prius
1350 2954 1512 3025 legebatur,
1538 2957 1697 3021 rumpuntur.
1725 2946 1837 3005 ilentius
1860 2945 1952 3005 codex

1149 3029 1325 3096 Veronensis,
1346 3038 1520 3097 msepnomur.

292 3250 463 3303 crementum
483 3239 698 3303 iucarnationis,
723 3249 778 3294 turn
792 3239 871 3297 nobis
886 3242 1128 3311 communicatae
1179 3240 1216 3312 le)
1231 3238 1324 3302 idest,
1341 3250 1389 3307 per
1401 3248 1500 3302 corpus
1512 3230 1583 3300 duod
1597 3245 1628 3287 ⁰¹
1644 3229 1727 3287 Milli
1738 3230 1874 3288 ”dilellffi
1885 3246 1951 3288 ⁵¹¹⁵·

293 3330 344 3389 per
356 3320 554 3370 sacramentum
579 3309 772 3375 Eucharistin,
788 3316 823 3367 sit
842 3323 1040 3370 sacramentum
1065 3325 1094 3371 et
1147 3314 1219 3384 cepit
1232 3327 1264 3369 er
1277 3307 1366 3364 nuliis.
1378 3305 1481 3361 Deinde
1490 3313 1639 3384 auteurper
1651 3314 1869 3360 tomomentorum
1882 3321 1950 3375 mys

295 3387 433 3446 vinculum
448 3381 574 3453 perlectae
589 3381 699 3438 unitatis
713 3392 812 3438 nostrae
829 3385 944 3455 primum
959 3400 992 3441 ac
1005 3401 1053 3458 per
1066 3402 1097 3445 se
1148 3376 1586 3445 tenuraEueiraristiamdesiguarr
1600 3374 1708 3458 pianum
1719 3384 1772 3436 est,
1784 3382 1951 3432 utconstan·

294 3474 356 3516 eum
368 3455 488 3518 Christo,
505 3470 538 3510 eo
552 3465 642 3509 antem
659 3453 865 3510 mediantecum
876 3454 966 3511 Patre.
1148 3466 1189 3512 ter
1203 3461 1379 3526 prosequatur
1401 3447 1517 3504 llilarius
1532 3460 1611 3502 suurn
1632 3445 1782 3501 lumembre
1800 3459 1948 3519 argumen-

333 3528 371 3600 (ι)
384 3525 509 3584 Nonnulli
524 3541 589 3581 mss.
605 3542 651 3595 per
663 3525 810 3580 uiolentiam
822 3542 833 3580 .·
845 3535 873 3581 ct
885 3524 998 3595 deiude,
1019 3537 1096 3598 utque
1147 3537 1215 3584 tom.

294 3600 469 3666 impudentem
486 3612 495 3652 r
510 3596 581 3667 quod
595 3597 676 3652 etiam
699 3596 848 3665 praeierunt
861 3597 973 3664 excusi,
997 3599 1096 3655 suise-
1184 3600 1219 3673 (()
1234 3597 1291 3653 linc
1304 3595 1355 3651 silri
1373 3593 1447 3648 rultr
1461 3606 1522 3647 eom
1535 3590 1562 3645 iu
1576 3588 1697 3674 Christo,
1710 3588 1756 3661 qui
1769 3587 1796 3643 iu
1806 3589 1887 3647 Patre
1899 3606 1948 3646 na·

295 3673 442 3744 orientibus
455 3671 490 3724 tta
515 3669 672 3738 perturbate
691 3668 850 3732 expressis,
878 3676 907 3722 ut
933 3671 1095 3728 uocabulum
1147 3671 1269 3726 ruraliter
1292 3668 1362 3724 inest
1383 3662 1531 3720 secuudum
1545 3668 1714 3716 nativitatem
1727 3670 1874 3730 aternam,
1896 3677 1946 3719 uos

295 3746 388 3801 aliene
400 3741 534 3798 celeratur
546 3741 580 3795 ad
590 3739 706 3794 nouitati.
720 3738 768 3793 tlte
779 3738 939 3810 sugillantur
954 3739 1093 3809 haeretiei,
1148 3743 1249 3814 pariter
1264 3741 1413 3796 inessemus
1429 3749 1477 3806 per
1491 3743 1643 3798 susceptam
1664 3732 1700 3788 alt
1711 3745 1745 3789 eo
1759 3747 1869 3789 caruem
1881 3750 1945 3790 uos·

295 3817 341 3886 nui
353 3828 461 3872 errores
471 3827 535 3868 suos
548 3821 594 3866 aut
608 3812 731 3864 lrtrrrranis
747 3810 905 3866 ratiunculis
918 3822 965 3867 aut
979 3812 1095 3872 detortis
1147 3825 1226 3876 trum.
1243 3811 1338 3868 eodem
1361 3809 1421 3878 ipso
1433 3805 1543 3861 Ctrristo
1556 3820 1663 3860 rursum
1677 3804 1704 3859 in
1724 3804 1802 3859 uobis
1816 3806 1946 3861 naturali·

296 3887 331 3944 ad
341 3886 437 3957 piacita
450 3883 597 3953 scripturis
608 3882 675 3938 tueri
691 3890 834 3938 currantur.
1147 3894 1189 3941 ter
1205 3889 1379 3954 permanente
1396 3894 1444 3951 pcr
1458 3877 1593 3949 impertita
1603 3877 1693 3932 caruis
1706 3882 1733 3931 et
1747 3875 1886 3949 sanguinis
1901 3877 1944 3934 soi

334 3958 373 4026 (ι)
386 3956 466 4013 Solus
476 3956 561 4012 codex
573 3954 632 4009 ilat.
649 3953 706 4009 bas.
718 3953 852 4010 diuersitas
868 3957 971 4010 :male
985 3954 1095 4012 Perocr-
1146 3962 1326 4013 sacramenta.

297 4032 360 4087 utor
388 4028 532 4098 opponitur
556 4025 670 4082 scrutati.
686 4024 739 4092 Qui
762 4026 901 4095 exemplar
925 4026 1095 4085 carnotense
1183 4028 1221 4102 (p)
1237 4027 1303 4083 Curru
1319 4025 1395 4082 locus
1411 4022 1549 4093 subjectus
1570 4022 1596 4076 in
1614 4019 1764 4090 Evangelio
1783 4019 1895 4078 inferior
1907 4023 1944 4078 sit

297 4097 472 4162 eurendarit,
498 4097 542 4152 liic
555 4096 589 4152 ad
608 4097 756 4167 marginem
775 4094 929 4168 adscripsit,
947 4097 1000 4162 Per
1013 4107 1095 4153 totoni
1147 4103 1270 4168 proxime
1284 4096 1366 4152 allato
1377 4110 1409 4150 ex
1423 4094 1502 4151 loru,
1520 4108 1558 4161 rr,
1573 4107 1626 4148 nou
1644 4091 1723 4160 lrojtts
1737 4101 1880 4162 respectu,
1894 4094 1944 4151 sed

297 4174 347 4228 lroc
356 4169 498 4240 capitulum
508 4167 632 4237 Corporis
644 4177 667 4221 et
679 4166 821 4238 sanputnn
830 4169 953 4224 dominici
964 4170 1095 4226 oeritotem
1147 4179 1271 4241 respectu
1284 4168 1395 4224 alterius
1408 4181 1442 4222 ex
1456 4164 1536 4222 loun.
1552 4181 1606 4228 ιιι,
1623 4163 1668 4229 ld,
1679 4162 1722 4217 tric
1736 4165 1861 4290 superior
1871 4181 1942 4221 aturr-

298 4242 455 4313 exsequntur.
472 4243 506 4294 tlt
525 4254 591 4292 uero
613 4247 669 4292 tum
682 4252 714 4293 cr
734 4241 868 4311 scriptura
884 4241 1010 4297 sccuudre
1022 4242 1094 4311 illius
1146 4251 1268 4314 cupatur.
1296 4240 1354 4294 linx
1375 4253 1470 4294 etrtss.
1494 4237 1660 4292 restituimus
1680 4237 1751 4288 olous
1795 4246 1872 4303 ater,
1890 4252 1944 4363 βιο

297 4330 405 4376 marrus,
421 4321 516 4366 turner
527 4309 1011 4378 untiquocodieealiasi’lorlacensis,
1022 4328 1094 4369 nuuc
1146 4315 1242 4369 uirens.
1258 4311 1326 4368 'inm
1337 4309 1421 4365 codex
1433 4307 1494 4364 Vnt.
1512 4310 1571 4363 bas.
1586 4317 1609 4362 rt
1624 4321 1670 4377 epo
1689 4306 1744 4360 uiro
1766 4317 1870 4377 propter
1914 4327 1945 4363 c·

298 4382 460 4440 Colbertinae
470 4379 715 4444 bibliothecarum.
727 4379 860 4450 ltiltrpui
871 4385 1008 4453 inseptem
1019 4385 1092 4457 prio·
1147 4395 1220 4439 trent.
1237 4383 1340 4439 lleiude
1354 4382 1379 4437 in
1400 4379 1512 4436 Joattnls
1529 4378 1730 4449 exemplaribus
1752 4379 1846 4450 grreeis
1859 4388 1887 4434 et
1901 4381 1942 4435 la·

297 4457 374 4512 ribus
384 4454 461 4510 libris
471 4453 506 4507 ita
519 4452 553 4508 ad
567 4451 647 4506 iidem
658 4451 833 4509 carnutensis
844 4468 989 4522 expressus
999 4465 1051 4516 cst,
1066 4465 1095 4511 ut
1146 4456 1211 4511 linis
1224 4469 1296 4510 rruuc
1310 4451 1509 4516 circumlertur,
1524 4462 1548 4506 et
1557 4452 1600 4519 qni
1614 4449 1754 4504 inanducat
1766 4466 1817 4512 me,
1831 4465 1896 4518 non,
1917 4463 1943 4509 et

296 4541 392 4584 omues
406 4540 438 4579 nc
448 4524 520 4582 solas
535 4524 664 4580 lectiones
676 4521 811 4594 proluat,
823 4540 883 4595 quae
894 4525 920 4580 iu
936 4526 982 4580 illo
997 4541 1095 4582 secuu-
1145 4528 1191 4596 ᾳιιι·
1200 4526 1390 4581 morrducauerit
1401 4539 1502 4578 carnem
1521 4538 1614 4578 meam.
1639 4520 1744 4587 eribtts
1762 4520 1903 4590 sulrlieltur
1913 4524 1941 4579 iu

296 4598 339 4653 dis
351 4598 424 4653 curis
445 4596 557 4666 adjectus
576 4593 667 4665 sarrit),
693 4594 771 4649 laeile
793 4596 923 4664 probatur
936 4596 1092 4666 preadictum
1147 4613 1198 4653 ms.
1215 4597 1321 4651 llartiu.
1338 4605 1362 4650 et
1374 4596 1429 4665 ipre
1446 4595 1504 4648 cinit
1522 4596 1550 4648 in
1564 4610 1612 4657 ure,
1627 4608 1693 4652 non,
1708 4601 1732 4645 et
1743 4593 1799 4656 ipre
1817 4594 1881 4651 urat
1897 4611 1943 4664 per

296 4686 349 4726 nrs.
362 4679 424 4723 ante
434 4680 521 4722 annos
536 4666 598 4728 loll,
616 4665 698 4721 luisse
712 4667 897 4721 emendatum.
1107 4639 1195 4724 Drue.
1220 4667 1297 4735 Quod
1317 4683 1352 4722 er
1371 4665 1422 4719 lroe
1437 4665 1574 4736 Etaogelii
1599 4665 1658 4720 loeo
1679 4664 1789 4720 coniicit
1803 4665 1938 4736 liilarios,

332 4740 370 4812 (ι)
380 4740 448 4808 Quid
459 4748 501 4793 est
513 4739 593 4812 ι’ριῐιιι
610 4738 711 4791 llomiui
724 4753 772 4806 pro
785 4738 895 4804 rosione,
910 4737 960 4792 uisi
971 4739 1094 4807 ipsismet
1146 4737 1355 4795 sacramentarii
1371 4736 1453 4806 probe
1466 4737 1618 4807 expeudant
1631 4736 1721 4789 veiim.
1743 4735 1789 4792 Sic
1808 4737 1881 4792 eninr
1897 4753 1943 4793 ra-

296 4807 749 4876 Christiverbisiliuiddeludent
779 4807 1093 4867 deuortro.trisiexlldc
1145 4810 1305 4866 tioeiuatur:
1333 4808 1370 4863 lta
1392 4807 1516 4864 Christus
1536 4808 1602 4863 utvtr
1625 4822 1672 4876 per
1695 4806 1801 4862 Putrem
1830 4819 1940 4880 accepta

295 4883 439 4948 Ecclesia,
464 4879 571 4933 Domini
587 4879 667 4934 verita
681 4887 706 4931 ut
723 4891 821 4933 sonam
836 4879 1028 4949 intelligentis?
1051 4880 1093 4937 Er
1145 4882 1217 4938 iilius
1232 4890 1338 4946 rrutrrra,
1352 4881 1421 4934 sieut
1436 4893 1485 4933 nos
1495 4880 1610 4935 vivirnus
1623 4893 1672 4948 per
1681 4877 1819 4934 Christum
1829 4892 1939 4950 accepta

295 4970 350 5025 qrro
364 4954 446 5022 liquot
463 4951 593 5006 illlariuru
606 4949 723 5005 sensisse
738 4948 818 5004 iidem
836 4959 954 5005 nostram
969 4950 1016 5006 liei
1029 4968 1091 5007 rur·
1144 4953 1230 5024 ipsius
1244 4968 1336 5009 carne.
1352 4951 1419 5005 Turn
1433 4952 1600 5021 sumitquasi
1615 4964 1673 5006 rem
1686 4950 1772 5023 magis
1789 4960 1890 5017 uotam,
1904 4952 1940 5009 de

296 5025 339 5081 liis
352 5025 428 5079 inniti
444 5021 560 5086 debere,
584 5021 631 5076 liei
644 5032 734 5076 autem
751 5021 831 5077 uetita
846 5035 878 5078 et
894 5020 947 5076 lide
963 5020 1092 5078 llcclesior
1144 5039 1196 5151 aaa
1212 5025 1322 5080 minime
1336 5021 1531 5079 coartenderent
1544 5022 1637 5078 nrtant
1658 5039 1665 5074 :
1682 5023 1753 5092 atqui
1766 5023 1880 5080 vivimus
1890 5039 1941 5095 per

295 5097 473 5165 explicarem
487 5106 568 5163 atrpue
581 5108 613 5147 er
625 5101 736 5163 utroque
747 5093 794 5147 illo
808 5095 895 5163 capite
914 5091 1088 5161 oorrirrnari,
1166 5094 1280 5152 hristum
1294 5104 1416 5151 naturam
1430 5094 1502 5150 illins
1513 5098 1603 5147 curnis
1616 5092 1726 5162 adepti:
1749 5094 1818 5149 odeo
1841 5103 1870 5149 nt
1890 5109 1939 5165 per

294 5183 346 5224 nos
360 5168 388 5221 in
402 5164 568 5222 lirrchnristia
583 5179 675 5220 reram
694 5164 796 5219 Cirristi
815 5180 925 5221 carnem
944 5181 1092 5231 verumaue
1144 5168 1234 5222 cornis
1254 5169 1324 5223 illius
1339 5163 1570 5221 manducationem
1584 5163 1721 5220 corisum
1735 5164 1762 5219 in
1779 5165 1856 5221 nobis
1876 5181 1938 5222 car-

295 5238 453 5310 sangninem
472 5237 606 5308 accipere.
621 5234 774 5304 erarrrlibet
787 5236 866 5291 aliam
890 5235 1093 5306 interpteotlio·
1144 5240 1250 5295 nalilms
1268 5239 1412 5294 carnaliter
1426 5247 1580 5292 nannenteru
1597 5236 1753 5292 ltabramus.
1776 5237 1815 5293 Ae
1827 5236 1936 5294 demum

294 5324 356 5365 nem
369 5310 512 5364 corborum
529 5325 536 5363 ι
552 5306 619 5364 Corn
635 5321 692 5362 urm
704 5322 761 5362 nere
777 5318 814 5362 ιιι
828 5324 897 5376 erro,
912 5315 978 5376 etc,
992 5308 1091 5364 oiolcn·
1143 5310 1274 5365 aduersus
1287 5310 1402 5366 Arianos
1415 5324 1492 5375 rem,
1514 5308 1584 5363 irride
1598 5309 1759 5378 litigabant,
1779 5309 1934 5366 concludit:

292 5393 345 5437 tour
358 5394 419 5437 esse
433 5394 580 5450 praemonet
590 5390 665 5447 otpue
674 5379 870 5444 imprudentem.
1144 5378 1216 5453 Ergo
1229 5391 1254 5437 et
1266 5380 1390 5437 Christus
1402 5381 1467 5435 tivit
1480 5395 1528 5450 per
1542 5379 1661 5443 Patrem,
1675 5390 1785 5449 accepta
1795 5381 1936 5450 ipsiusmet

329 5452 371 5522 (d)
384 5451 447 5507 iiss.
464 5451 525 5508 Vnt.
541 5453 597 5507 ltus.
611 5451 718 5506 llartin.
732 5448 814 5507 Caro.
831 5451 995 5510 sornontcus
1008 5469 1087 5522 ttuus,
1143 5463 1238 5508 natura
1251 5451 1340 5508 divina
1353 5470 1360 5517 ;
1375 5453 1411 5507 ita
1425 5462 1450 5505 ut
1465 5451 1545 5506 Pater
1555 5450 1702 5506 seeundum
1717 5451 1848 5523 Spiritum
1862 5494 1870 5517 ,
1884 5452 1936 5510 lroc

295 5537 328 5580 ac
341 5522 395 5577 duo
409 5520 568 5587 colluunt,
592 5538 644 5578 uon
656 5528 746 5578 niutau
761 5523 906 5592 antiquior,
920 5526 982 5581 dum
995 5541 1089 5581 seeun-
1140 5533 1191 5586 est,
1208 5524 1355 5580 sectandum
1368 5532 1490 5578 naturam
1503 5521 1621 5578 divinant
1631 5522 1655 5578 ei
1666 5521 1767 5591 datram,
1779 5524 1935 5582 naturaliter

296 5595 358 5650 dum
379 5596 449 5649 lior:
465 5610 517 5650 rrou
531 5594 656 5649 ridemur
668 5594 728 5649 aliis
751 5594 827 5651 libris
842 5596 1023 5665 prulerendi,
1038 5597 1088 5654 sed
1140 5595 1167 5650 in
1181 5611 1214 5652 co
1228 5605 1345 5650 mancat.
1369 5593 1419 5663 (ιιι
1434 5603 1590 5665 argrrmenta
1612 5603 1665 5649 tam
1688 5597 1761 5651 clara
1776 5596 1829 5651 alio
1843 5595 1934 5652 detor·

296 5668 354 5747 lanc
377 5665 598 5735 inintelligendo
615 5664 700 5721 :dum
727 5665 807 5721 simul
828 5681 889 5721 eom
909 5666 1026 5731 Christo,
1043 5669 1087 5726 eol
1138 5681 1222 5736 praere
1233 5682 1376 5732 conarrtur,
1390 5665 1509 5721 indicant
1523 5666 1566 5720 rel
1578 5681 1609 5721 se
1633 5667 1704 5721 mola
1718 5669 1772 5723 lide
1784 5683 1874 5751 agere,
1889 5670 1932 5724 rei

293 5738 429 5803 coniuncti
451 5751 564 5802 sumus,
590 5736 641 5792 hoe
664 5737 736 5807 quod
760 5751 810 5797 uos
830 5741 1017 5799 somosestin
1030 5740 1087 5800 lieo
1137 5739 1232 5793 saltem
1252 5750 1383 5810 quantum
1405 5737 1476 5810 opud
1496 5737 1621 5796 homines
1633 5739 1739 5810 possint
1752 5737 1933 5812 propudiosis

238 5879 240 5885 ,
292 5807 740 5878 patrercomqnollleautument.
1137 5810 1237 5869 mentis
1249 5811 1400 5884 opiniones.
1589 5817 1590 5820 ’
