4209 6250
132 276 168 334 53
743 258 789 318 DE
808 251 1006 326 retortum,
1025 254 1129 315 oleon
1148 256 1169 314 1.
1742 264 1780 322 51

131 385 291 460 cognitionis
305 382 387 441 fldem
401 394 472 447 csse,
487 377 535 436 sed
549 376 696 437 maximum
710 376 849 447 praemium
866 390 928 431 oas-
941 372 1055 435 Acirco
1068 370 1271 439 concrederet,
1285 372 1346 444 quia
1362 387 1415 429 non
1431 373 1607 448 intelligerem
1620 377 1668 436 sed
1679 378 1781 440 inlotam

131 483 179 538 cit:
195 480 258 550 quoia
276 488 303 533 et
317 475 359 532 sui
381 489 434 529 ooo
448 481 624 544 receperunt,
640 479 668 526 et
683 469 844 540 recipientes
857 466 884 522 io
899 464 929 520 11·
979 480 1011 521 se
1025 467 1194 522 meminisset
1207 466 1359 538 intelligere
1374 481 1465 539 posse,
1480 467 1517 542 (a)
1532 474 1554 526 sl
1568 471 1704 531 erederet,

131 574 178 629 lios
194 570 241 627 liei
255 570 326 624 aucti
341 574 421 630 suut,
436 581 489 620 oou
504 573 564 620 ortu
578 563 686 631 coritis,
701 559 748 616 sed
767 559 839 616 lidei.
863 559 930 614 Esse
1017 558 1258 633 locanturque
1274 577 1326 615 nan
1346 564 1516 618 succumbunt
1530 568 1693 624 naturalibus
1707 586 1781 627 oters-

130 674 218 721 autem
233 661 302 717 lilios
317 659 383 728 bei,
398 672 451 714 uon
463 656 653 712 necessitatem
668 668 747 719 esse,
768 651 818 708 sed
839 658 930 723 potes·
981 653 1044 706 tiam
1058 653 1183 709 sensibus.
1194 684 1230 695 -
1245 656 1284 710 de
1297 669 1332 711 oe
1341 655 1367 709 iu
1379 654 1470 727 aliquo
1483 657 1620 716 securioris
1631 660 1782 731 prudentiae

131 766 228 813 tatem:
243 753 307 826 quia
320 749 458 826 proposito
472 748 605 805 uniuersis
620 746 666 802 Dei
678 758 801 809 minitere,
816 757 870 798 non
884 756 932 797 tra·
982 743 1132 801 tardaretur
1145 760 1255 814 errore,
1269 745 1302 802 ad
1319 744 1370 818 piae
1384 746 1564 806 consessionis
1578 750 1659 823 liuius
1671 753 1783 811 altsotu.

132 857 191 904 tora
215 845 382 918 gignentium
407 841 545 908 adoratur,
571 839 618 897 sed
642 838 767 895 uoluntas
791 835 930 908 praemium
983 835 1115 892 tissimum
1138 838 1218 893 ludam
1241 837 1277 894 ita
1299 837 1410 910 iusuper
1432 854 1481 911 per
1501 823 1662 912 apostolum
1683 846 1783 905 diripis

132 949 320 1011 consequatur.
334 933 455 991 aeneid
469 935 573 1005 ipsum,
584 932 655 1006 qnod
666 928 809 1000 unicuique
821 926 857 1001 (a)
871 939 932 983 esse
983 926 1062 985 dictis
1075 929 1222 985 edocetur:
1243 928 1331 985 Videte
1344 947 1375 985 nc
1387 933 1445 1002 griis
1465 948 1510 987 nas
1523 934 1615 1006 spoliet
1633 952 1679 1006 per
1700 938 1786 1008 phila-

134 1035 180 1091 Dei
195 1034 249 1089 lilio
260 1030 289 1087 lit
302 1038 436 1101 potestas,
452 1030 478 1083 in
493 1027 582 1099 aliquo
598 1024 783 1080 iulirmitalem
796 1019 856 1076 hoel
877 1027 933 1075 tre·
983 1021 1104 1093 sapltiam
1116 1032 1139 1078 ct
1151 1024 1252 1078 inanem
1266 1024 1450 1096 deceptionem,
1465 1028 1606 1082 secundum
1620 1029 1785 1088 trodltlonem

137 1127 206 1198 pidre
218 1124 359 1196 impediret
371 1138 379 1189 ;
393 1122 455 1194 quia
469 1137 518 1191 per
535 1119 575 1174 soi
593 1117 779 1173 diihcultotem
790 1114 933 1186 egerrime
985 1115 1128 1185 leontinum,
1141 1117 1280 1172 secundum
1295 1118 1420 1173 eieorenta
1433 1120 1532 1190 maadi,
1543 1131 1568 1176 et
1578 1139 1629 1178 non
1642 1125 1784 1181 sectandum

137 1231 271 1289 speretur,
289 1215 359 1289 quod
381 1226 407 1271 ct
422 1213 506 1284 magis
520 1219 638 1282 optatur,
653 1220 679 1265 et
694 1209 784 1265 minus
796 1206 932 1263 creditur:
985 1206 1117 1262 Cirristum
1128 1224 1138 1262 .·
1149 1208 1211 1280 quia
1225 1211 1252 1264 in
1267 1211 1324 1281 ipso
1339 1210 1467 1265 inhahitat
1478 1215 1560 1268 cornia
1574 1216 1707 1286 plenitudo
1719 1219 1786 1274 diui·

140 1314 257 1371 Verbum
273 1312 342 1365 licus
353 1324 417 1365 earo
432 1308 529 1365 leucium
543 1315 600 1370 est,
615 1314 644 1360 nt
659 1320 706 1374 per
720 1304 803 1359 Derim
817 1301 933 1359 Verbum
985 1301 1073 1356 uitatis
1086 1303 1263 1373 corporaliter,
1277 1313 1301 1358 ct
1313 1304 1373 1359 estis
1383 1305 1409 1360 in
1422 1306 1468 1360 illo
1482 1308 1588 1378 repleti,
1600 1310 1644 1381 gui
1653 1319 1691 1365 est
1705 1323 1784 1382 caput

140 1420 245 1463 carnem
261 1403 360 1459 iactum
375 1416 439 1457 earo
455 1398 598 1471 proficeret
612 1397 638 1452 iu
655 1396 737 1452 Deum
751 1395 880 1450 Verbum.
896 1394 935 1448 Αο
986 1393 1069 1446 corruis
1083 1394 1245 1465 principatus
1267 1404 1291 1449 et
1313 1397 1471 1465 potestatis:
1491 1400 1518 1453 in
1537 1415 1586 1469 goa
1599 1410 1623 1455 el
1644 1403 1788 1460 circumcisi

140 1518 173 1558 oc
184 1498 300 1556 Verbum
315 1512 380 1552 coro
395 1493 495 1549 luctum
510 1501 556 1548 aot
569 1490 670 1562 aliquid
685 1488 756 1544 aliod
772 1498 935 1558 essetquam
987 1487 1064 1553 erlis,
1087 1489 1279 1545 circumcisione
1296 1507 1348 1546 non
1370 1509 1450 1547 otortu
1472 1498 1544 1566 [acta
1561 1495 1588 1549 in
1603 1498 1789 1569 exspoliatione

142 1594 211 1650 Deos
224 1590 361 1656 Verbum,
375 1596 422 1642 aut
440 1602 493 1642 uon
513 1583 598 1641 nostri
617 1583 740 1653 corporis
760 1595 824 1636 earo
843 1589 935 1647 essct,
987 1578 1103 1648 carparis
1117 1582 1218 1650 carnis,
1239 1584 1285 1638 sed
1302 1585 1494 1641 circumcisione
1514 1586 1627 1659 Christi,
1646 1594 1789 1665 conmpults'

138 1682 269 1742 habitarit
284 1683 310 1737 iu
326 1680 421 1737 nobis:
438 1688 466 1734 ot
480 1678 544 1732 dom
559 1675 677 1740 habitat,
694 1689 746 1730 non
767 1671 840 1728 aliud
855 1687 936 1744 quam
987 1672 1011 1726 ci
1021 1671 1048 1726 in
1056 1670 1217 1745 baptismate,
1230 1677 1256 1731 in
1266 1694 1316 1747 grta
1329 1687 1352 1733 el
1363 1682 1541 1737 resuncnistis
1552 1701 1597 1753 per
1605 1687 1682 1756 Metti
1695 1704 1789 1761 opem.

140 1777 210 1832 lleos
224 1782 346 1830 maneret
359 1770 415 1841 (l);
431 1770 494 1825 dum
508 1778 598 1824 alutem
615 1766 714 1822 inabitat
730 1765 757 1820 iu
772 1764 868 1831 nobis,
884 1778 939 1823 non
951 1765 977 1828 B
990 1765 1067 1820 tionis
1081 1765 1130 1822 Dei
1139 1809 1147 1835 ,
1166 1770 1211 1840 qui
1224 1772 1340 1826 excitarit
1355 1789 1412 1827 cum
1428 1791 1445 1829 a
1461 1778 1578 1833 mortuis.
1594 1777 1629 1832 Et
1645 1796 1705 1847 ms,
1730 1797 1789 1837 cnm

138 1868 210 1924 aliud
223 1882 303 1939 quam
317 1873 416 1921 nostrae
429 1860 519 1917 caruis
531 1861 601 1916 Deos
613 1874 676 1915 caro
690 1857 876 1922 lactusesse13
890 1872 938 1927 per
990 1860 1078 1913 essetis
1097 1858 1137 1934 (d)
1157 1864 1252 1917 ncartui
1273 1865 1300 1918 ln
1321 1865 1421 1921 delictis
1438 1876 1462 1922 ct
1486 1871 1684 1939 praeputiatione
1704 1876 1790 1930 camp,

139 1961 320 2033 dignationem
346 1966 492 2026 assumpta)
515 1953 605 2010 corruis
631 1969 684 2007 non
709 1953 788 2022 inops
809 1966 938 2018 snorum,
989 1961 1094 2021 uestrae,
1112 1954 1248 2022 ttioiticaur'l
1266 1972 1324 2011 cunt
1344 1957 1406 2023 illa,
1421 1958 1458 2032 (e)
1473 1960 1575 2019 oppam
1589 1964 1657 2022 „opp
1673 1968 1790 2023 mugga,

139 2056 202 2129 qnia
223 2064 358 2125 tamquam
382 2050 534 2121 unigenitus
556 2064 571 2103 a
592 2047 673 2103 Patre
697 2046 791 2118 plenos
805 2047 899 2118 gratiae
913 2054 941 2102 et
991 2047 1108 2113 delictis,
1127 2047 1215 2103 delens
1240 2050 1308 2117 quad
1326 2051 1461 2107 adrerum
1474 2070 1521 2111 aas
1536 2065 1592 2110 crat
1604 2054 1641 2131 (p)
1659 2058 1793 2131 chiragru-

140 2148 277 2209 raritatis,
290 2157 318 2202 et
330 2146 358 2201 in
371 2144 428 2200 sois
441 2141 578 2215 perlectus
589 2141 638 2207 sit,
654 2149 681 2196 et
694 2155 775 2195 ueros
788 2139 814 2195 iu
829 2137 938 2194 nostris.
992 2138 1072 2209 phmo
1091 2138 1119 2192 in
1140 2141 1286 2208 sententiis,
1307 2142 1378 2212 guad
1396 2154 1451 2199 erat
1470 2147 1630 2203 contrarium
1647 2152 1744 2206 nobb:
1767 2161 1791 2207 ct

177 2241 221 2297 ta.
235 2238 331 2294 Divina
345 2254 396 2293 non
410 2234 537 2305 eapitnisi
549 2231 747 2305 fidon-lime
759 2231 848 2300 itaque
858 2227 942 2286 diuini
992 2232 1077 2303 iprum
1092 2232 1150 2287 trrlit
1163 2249 1177 2287 e
1189 2233 1288 2300 suedia,
1303 2235 1407 2307 olligens
1426 2236 1494 2292 illud
1512 2240 1584 2295 cruci
1598 2251 1714 2298 :eamus
1732 2260 1792 2299 car·

140 2333 301 2390 sacramenti
319 2329 470 2387 doctrinam
487 2342 563 2383 meus
580 2326 643 2381 laeta
664 2324 797 2394 suscepit,
814 2321 841 2378 iu
857 2323 940 2378 Deum
992 2340 1065 2392 neor,
1088 2334 1111 2378 ct
1124 2333 1261 2395 potestates
1275 2328 1385 2382 ostentui
1406 2330 1484 2400 lecit,
1503 2332 1669 2402 triumphatis
1686 2334 1718 2391 lla
1731 2353 1790 2392 cnm

142 2424 286 2498 proficiens
300 2437 348 2494 per
366 2435 492 2485 caruem,
515 2425 543 2473 et
556 2418 583 2473 in
597 2432 693 2473 nouam
707 2415 873 2472 nativitatem
894 2430 943 2485 per
992 2416 1090 2488 ficticia
1109 2416 1134 2470 iu
1156 2418 1290 2489 scorctipsa
1306 2416 1418 2490 (Cohors.
1434 2438 1469 2489 u,
1490 2422 1543 2480 8ct
1561 2426 1655 2499 seqq),
1678 2427 1791 2501 gpggqp

144 2517 223 2575 iidem
245 2524 356 2582 uocata,
378 2510 453 2568 etad
472 2510 609 2567 coelestem
626 2507 857 2580 regenerationem
871 2507 942 2562 obti-
993 2509 1127 2580 captiosas
1148 2518 1177 2567 et
1198 2509 1309 2567 inutiles
1332 2514 1511 2585 philosophias
1531 2518 1698 2589 questiones
1722 2524 1790 2580 lidos

144 2609 259 2667 ocudam
275 2605 400 2679 potestati
411 2619 467 2659 suae
478 2603 618 2673 permissa,
634 2616 727 2657 curam
740 2601 808 2656 inse
821 2599 943 2672 parentis
993 2614 1131 2670 eoostaus,
1145 2618 1232 2674 oeque
1244 2605 1422 2663 lrorrrauarom
1433 2606 1593 2680 ineptiarum
1604 2611 1717 2673 fallaciis
1730 2632 1794 2675 soc-

143 2705 186 2762 sui
205 2701 396 2771 Creatortsque
417 2712 584 2770 cognosceus
612 2711 666 2752 non
688 2696 715 2752 io
736 2694 849 2751 nihilum
872 2695 944 2752 redi·
994 2699 1140 2763 cumbeos,
1157 2697 1273 2767 spolium
1295 2713 1326 2754 se
1345 2700 1450 2770 prnocr
1471 2702 1573 2761 ueritas
1591 2706 1719 2775 tarsicam
1738 2725 1793 2768 non

143 2797 259 2873 gendam
274 2811 305 2851 se
318 2809 366 2866 per
377 2809 439 2849 eom
454 2792 627 2859 existimaus,
643 2804 782 2861 perquem
798 2791 825 2845 in
840 2790 890 2845 tuoe
902 2789 944 2861 ip-
995 2787 1144 2845 secuudum
1159 2803 1270 2845 sensum
1284 2793 1436 2848 contumuis
1450 2793 1634 2867 intelligentiae
1648 2799 1733 2857 licum
1746 2817 1795 2860 re.

144 2906 205 2949 sum
225 2887 296 2961 quod
311 2897 366 2955 cst,
385 2901 419 2943 es
434 2883 519 2941 nihilo
534 2883 720 2940 substitisset:
737 2893 764 2939 ct
779 2881 838 2938 haee
854 2882 943 2937 omnin
995 2880 1101 2951 tineos,
1116 2897 1204 2953 oeque
1215 2882 1250 2940 de
1268 2883 1378 2941 Christo
1392 2888 1539 2947 seeundum
1556 2893 1648 2949 muudi
1661 2896 1794 2955 elementa

145 2984 216 3040 ultra
239 2980 421 3052 intelligentiae
443 2977 567 3032 bitumum
597 2976 711 3031 metiens
734 2990 860 3041 seersum,
882 2976 944 3047 quia
994 2974 1161 3045 decernens,
1183 2978 1210 3033 iu
1224 2993 1278 3049 quo
1297 2978 1446 3036 diuinitatis
1461 2982 1600 3052 plenitudo
1617 2990 1795 3060 corporaliter

145 3079 215 3135 ratio
233 3073 416 3133 communium
436 3069 593 3143 opinionum
612 3066 717 3124 consilii
737 3067 855 3125 caelestis
873 3068 942 3124 inea·
996 3067 1128 3125 inhabitet
1142 3086 1148 3122 :
1164 3081 1193 3126 ut
1209 3070 1273 3126 dum
1293 3069 1410 3128 inbuitas
1422 3084 1532 3132 ceterum
1546 3076 1573 3134 in
1592 3092 1626 3136 eo
1639 3090 1683 3137 est
1701 3090 1797 3153 potes·

146 3186 218 3242 pur,
235 3169 286 3223 boc
306 3166 395 3222 solum
411 3172 486 3236 potet
507 3163 533 3217 io
557 3171 651 3217 uotiua
666 3177 756 3218 rerum
780 3177 857 3231 esse,
872 3146 981 3234 quodC
998 3160 1077 3231 tatis,
1102 3178 1217 3236 omnem¹
1234 3171 1350 3219 terrenae
1375 3168 1474 3223 rorentis
1499 3171 1653 3240 amplexum
1679 3182 1798 3244 potestas

146 3271 193 3317 aut
206 3261 277 3316 iritra
290 3273 320 3314 se
335 3255 480 3325 inteiligas,
504 3264 549 3309 am
570 3262 698 3323 protestare
719 3252 805 3323 putarit
824 3271 855 3310 et
872 3270 944 3311 sese.
999 3262 1108 3309 celerate
1120 3252 1260 3309 inliultotis
1270 3254 1402 3311 excedat:
1417 3259 1462 3327 qui
1474 3273 1524 3314 nos
1533 3260 1567 3316 ad
1579 3261 1728 3321 divinitatis
1740 3231 1808 3325 strae¹

148 3353 198 3411 Dei
212 3363 301 3409 autem
316 3349 428 3405 uirtutes
439 3346 585 3404 secumdum
597 3346 823 3416 magnificentiam
838 3357 947 3404 autenm
1001 3355 1124 3400 naturam
1144 3344 1269 3412 trahens,
1291 3361 1346 3403 non
1361 3348 1509 3406 etiamnum
1526 3355 1660 3423 corporati
1676 3372 1798 3431 pmgp.

147 3444 306 3521 potestatis,
323 3459 375 3499 nou
390 3456 489 3504 seusu,
511 3439 558 3495 sed
581 3437 642 3494 lidei
659 3438 715 3511 10·
732 3437 864 3496 iohoitate
883 3455 948 3510 peu-

149 3539 251 3596 debat:
273 3546 301 3591 ιιι
326 3535 409 3591 1)οιιιιι
430 3533 457 3587 iu
477 3530 609 3601 principio
630 3529 701 3601 apud
721 3529 804 3586 Derim
824 3544 902 3598 esse,
922 3539 951 3587 et

151 3633 271 3690 Verbum
285 3643 394 3686 caruem
412 3625 511 3682 lactum
526 3623 662 3679 habitasse
681 3623 707 3678 io
723 3622 816 3691 nobis,
838 3638 892 3680 non
907 3624 949 3682 id-

189 3823 228 3892 (al
245 3822 291 3879 Sic
305 3835 372 3877 mss.
387 3818 573 3890 castigatiores
586 3831 618 3872 ea
629 3814 733 3871 ratione
744 3828 795 3885 qoa
808 3813 876 3869 dixit
886 3813 953 3870 'lul-

154 3894 225 3961 lios,
239 3894 297 3949 licet
311 3893 357 3947 tibi
365 3890 494 3947 essebaoa
507 3890 573 3944 rire.
585 3886 639 3943 diii
653 3900 731 3950 reto,
741 3901 796 3940 csse
808 3883 857 3939 lici
870 3885 954 3954 gilium

155 3967 198 4023 rei
218 3966 299 4035 filias.
320 3964 361 4020 Ex
376 3972 491 4032 utraque
509 3961 555 4016 illa
572 3960 688 4015 lectione
709 3957 735 4011 in
750 3956 866 4027 vulgatis
886 3957 956 4012 obti-

156 4040 231 4103 nuit,
246 4051 302 4091 estc
320 4033 367 4089 un
381 4032 464 4101 hilum
478 4049 494 4084 a
508 4030 562 4085 Deo
577 4031 632 4100 pitia
644 4029 690 4100 fit,
711 4028 751 4084 vel
765 4028 797 4080 sit
818 4035 930 4096 potestas
947 4044 954 4080 ι

155 4104 381 4235 ςΙοοεοὲιιῗὺιιοοο
404 4118 458 4160 uon
480 4109 568 4159 exstat
590 4101 640 4157 nisi
661 4100 688 4155 iu
705 4099 784 4154 unico
803 4098 956 4155 recentiore

157 4194 226 4236 mss.
265 4193 282 4232 o
314 4217 322 4233 .
409 4223 415 4236 .

197 4272 236 4345 (b)
262 4270 329 4340 Quia
352 4270 479 4327 nimirum
507 4265 652 4331 habitator,
676 4261 787 4318 domum
811 4260 957 4317 habitando

158 4359 241 4418 quam
256 4349 336 4399 autea
351 4357 404 4397 ooo
419 4338 568 4401 habitabat,
584 4331 776 4392 nuinirnealiud
790 4331 825 4387 ab
837 4346 871 4388 co
884 4332 957 4402 quod

159 4419 236 4488 prius
251 4424 308 4471 erat
322 4411 436 4469 ellieitur
448 4427 456 4465 r
468 4409 589 4480 adeoque
602 4407 714 4462 verbum
730 4403 861 4459 hainonii
873 4404 957 4473 aptis-

158 4488 259 4544 simum
271 4493 315 4542 est
328 4484 361 4540 ad
377 4480 580 4553 exprimendam
591 4478 670 4534 Verbi
683 4476 818 4545 corporati
832 4476 957 4530 immuta·

157 4560 308 4621 bimarem:
327 4556 362 4611 de
383 4570 438 4626 quo
460 4549 631 4623 praemittitur
650 4563 712 4602 cara
730 4547 829 4618 lactum
848 4556 903 4612 est,
925 4544 958 4601 ad

158 4628 364 4702 sigoiheaodaur
379 4626 464 4695 ipsius
476 4638 537 4681 curo
551 4635 634 4677 carno
647 4618 874 4687 conjunctionem.
889 4616 958 4672 Tum

159 4707 245 4757 restra
259 4698 356 4754 habitat
372 4698 399 4751 in
413 4695 502 4762 nolis,
522 4695 562 4747 sie
573 4691 608 4747 ab
629 4689 729 4745 llilario
749 4689 883 4744 intellecta
898 4703 960 4744 esse

159 4773 239 4843 quasi
255 4770 283 4824 in
295 4768 404 4836 oratos,
425 4776 498 4837 putet
512 4778 547 4819 ex
564 4761 709 4824 subnexis,
725 4776 798 4815 uerus
816 4760 843 4813 in
856 4760 959 4814 nostris.

160 4843 240 4902 Uinde
257 4839 389 4897 refellitur
403 4839 542 4903 Erasoms,
556 4833 602 4906 qui
618 4834 645 4888 in
660 4831 770 4887 dubium
782 4829 918 4885 reuocauit
928 4845 961 4884 an

159 4914 264 4971 Christi
278 4925 389 4968 caruem
403 4924 436 4964 ex
451 4908 533 4963 biario
545 4915 710 4974 assumptam
726 4901 896 4958 credidisset.
910 4900 963 4969 Qui

163 5001 231 5042 raro
251 4981 407 5039 existimant
429 4979 559 5035 tlilarium
582 4978 608 5031 io
629 4972 780 5046 gentilitate
799 4982 909 5036 notrum,
933 4985 965 5026 oc

161 5059 260 5126 prime
272 5069 330 5110 suae
349 5051 383 5108 ad
404 5065 496 5107 reram
516 5047 596 5104 iidem
615 5043 803 5102 conuerslonn
825 5042 964 5097 historiam

160 5129 209 5184 bic
223 5136 333 5191 lesere,
349 5120 556 5192 expendendum
579 5118 695 5181 habeat,
711 5130 744 5169 an
770 5114 827 5168 siria
851 5112 964 5169 Joaorris

160 5201 309 5256 sorborum
326 5194 407 5252 lectio
423 5208 471 5262 per
488 5207 518 5247 se
533 5198 634 5246 tantam
654 5186 844 5257 mysteriorum
859 5194 966 5240 nostro·

159 5287 225 5328 rum
241 5268 364 5323 nohtiam
378 5266 470 5336 gentili
486 5271 616 5332 praestare
629 5257 758 5331 potuerit,
775 5263 803 5311 ut
814 5256 869 5326 jam
884 5256 967 5325 hpol-

161 5342 276 5406 linario,
292 5338 426 5400 beterio,
442 5345 470 5391 et
480 5331 622 5405 Erttgcbeti
633 5328 805 5387 conlutaudis
818 5326 963 5382 sulieeerh.

203 5431 243 5506 lc)
265 5430 350 5500 Quia,
376 5438 404 5484 ut
426 5428 543 5494 loquitur
566 5421 732 5494 Augustinus
754 5420 836 5490 epist.
859 5435 912 5475 uxr
934 5418 968 5473 ad

164 5505 325 5563 cosentiam
347 5518 374 5555 n.
396 5494 519 5556 &Fran
537 5495 665 5567 praecedat
683 5493 824 5554 ralicttcm,
851 5506 903 5559 quo
925 5505 969 5544 cor

163 5575 316 5640 ιιιιιιιιίειιιι,
331 5583 358 5627 ut
369 5585 469 5643 magun
483 5569 589 5624 rationis
601 5566 685 5691 cupiat
705 5572 729 5617 et
743 5562 854 5636 perlem
868 5561 970 5628 tacem3

1004 3445 1092 3492 torum
1103 3436 1292 3494 obseruatione
1305 3437 1483 3509 distrinxerit,
1497 3459 1585 3516 oeque
1598 3448 1726 3521 perlegis
1740 3467 1798 3508 um·

1003 3530 1080 3587 braio
1096 3530 1129 3587 ad
1146 3531 1277 3588 solemnia
1290 3531 1450 3590 desecandae
1468 3538 1557 3595 caruis
1571 3539 1610 3614 (id
1624 3549 1671 3611 est,
1684 3542 1801 3601 circom-

1004 3623 1125 3698 cisiouis)
1137 3622 1278 3693 imbuerit;
1294 3624 1342 3682 sed
1354 3633 1384 3682 ut
1395 3641 1504 3686 ornnem
1517 3617 1800 3708 uatonteua'corpaus

1041 3811 1083 3885 (d)
1097 3810 1198 3894 Omnes
1212 3826 1277 3867 ross.
1291 3827 1345 3868 uuo
1359 3813 1461 3869 nullius
1475 3813 1559 3874 lermc
1572 3819 1740 3877 auctoritatis
1757 3840 1806 3881 ex·

1005 3894 1090 3966 cepto
1099 3892 1226 3939 umtttout
1241 3882 1285 3940 bic
1298 3882 1410 3941 teritum
1426 3889 1521 3941 mortui
1538 3905 1545 3942 z
1562 3891 1632 3960 qood
1648 3898 1737 3949 mosen
1754 3894 1803 3950 ba·

1006 3953 1150 4012 berttmlra
1165 3954 1211 4010 hb.
1226 3970 1264 4012 ιι.
1281 3971 1308 4008 ιι.
1325 3955 1374 4019 lh,
1396 3964 1424 4011 et
1435 3957 1462 4011 iu
1476 3956 1520 4012 Ps.
1543 3975 1624 4027 ιιιιι,
1643 3978 1671 4017 ιι.
1687 3963 1734 4021 25.
1749 3967 1804 4032 Sed

1008 4024 1061 4082 Ιιοο
1073 4026 1143 4094 apud
1155 4025 1284 4082 llilarium
1296 4041 1349 4081 ιιοιι
1360 4027 1528 4096 inusitatum,
1541 4041 1570 4087 ot
1580 4034 1660 4090 etiarn
1671 4034 1697 4089 iu
1708 4036 1805 4096 eodem

1008 4105 1124 4241 ξιθῑὲιῖιαιιιι
1146 4097 1242 4152 οιοοιιι
1264 4094 1412 4169 Scriptura
1431 4099 1490 4155 loca
1511 4119 1565 4159 ιιοιι
1587 4104 1682 4164 eadem
1700 4110 1806 4169 ratiooc

1044 4263 1079 4332 (c)
1100 4260 1128 4317 ln
1144 4275 1196 4316 ms.
1217 4261 1277 4318 bas.
1289 4260 1362 4318 iat:
1377 4261 1481 4320 haitans
1502 4267 1574 4322 nodis
1592 4272 1679 4327 amttla
1693 4274 1789 4334 lettera

1009 4332 1117 4389 delendo
1131 4331 1199 4402 gued
1212 4332 1346 4388 οάοιιιιοιι
1359 4350 1406 4388 nos
1420 4346 1474 4391 out
1487 4337 1688 4413 chirographum
1701 4319 1808 4405 decreti,

1009 4406 1078 4476 quoa
1090 4412 1145 4458 erat
1155 4403 1329 4457 adversarium
1343 4406 1435 4459 nobis:
1451 4417 1478 4462 et
1494 4425 1567 4476 mox,
1578 4429 1674 4470 am,
1684 4434 1712 4471 ,e
1720 4393 1806 4476 ‘am’

1010 4486 1033 4530 et
1052 4482 1176 4558 petestutc
1192 4474 1311 4556 haducit
1324 4476 1411 4545 pulcra
1432 4479 1622 4549 rctmumphans
1641 4485 1701 4542 ilios
1720 4504 1727 4517 ·
1748 4461 1810 4560 qums

1010 4560 1100 4603 versuo
1115 4545 1218 4601 litiano
1238 4544 1346 4600 ridetur
1358 4558 1497 4602 extraneo.
1511 4550 1578 4618 Qum
1594 4554 1637 4608 hic
1654 4530 1810 4629 exhibetur,

972 4617 1186 4700 Deoullrmatur
1199 4615 1246 4674 lib.
1261 4631 1299 4685 rx,
1317 4631 1346 4672 n.
1363 4619 1406 4672 lli.
1423 4616 1491 4675 vide
1503 4629 1582 4678 tract.
1598 4623 1625 4680 in
1640 4629 1709 4696 psal.
1723 4645 1811 4699 urit,

1012 4704 1041 4746 ιι.
1053 4688 1099 4745 25.

1014 4853 1022 4908 1
1050 4780 1085 4906 Η)
1105 4781 1207 4864 Praeter
1219 4795 1271 4836 ros.
1288 4778 1348 4836 lat.
1370 4779 1428 4837 bas.
1445 4784 1540 4867 pauci,
1559 4785 1632 4859 iique
1649 4792 1816 4850 recentiores

1024 4868 1048 4907 ιο
1069 4860 1133 4918 eut,
1149 4850 1348 4924 chirographum
1368 4852 1472 4909 dcccco.
1494 4857 1536 4912 Ab
1553 4855 1605 4915 hac
1626 4860 1743 4919 lectione
1758 4879 1813 4921 uon

1014 4923 1144 5007 althorret
1157 4939 1217 5006 quae
1231 4923 1373 4992 subjicitor
1387 4925 1549 4995 explicatio,
1564 4939 1593 4983 at
1613 4947 1678 4985 noua
1688 4934 1716 4986 in
1730 4951 1758 4990 se
1772 4952 1815 5003 ge·

1016 5011 1084 5051 ιιοιιι
1104 4997 1329 5076 ιιοιιιιόιοοιὶοιιο
1349 4997 1554 5052 constitutionem
1573 5003 1668 5057 decreti
1680 4995 1816 5062 anterioris

1016 5066 1138 5121 abolent.
1156 5067 1242 5121 ahter
1262 5065 1373 5149 lib-tx,
1390 5082 1417 5122 u.
1433 5068 1482 5135 tlt,
1498 5068 1541 5123 obi
1556 5069 1673 5130 ililarios
1692 5073 1816 5147 Apostoli

1017 5137 1100 5193 rerba
1117 5135 1301 5219 tauquambtc
1310 5152 1366 5206 gam
1383 5144 1494 5194 tractata
1508 5155 1655 5214 mentorat,
1675 5149 1714 5202 sic
1731 5151 1817 5205 inter·

1019 5215 1141 5291 pretamr
1149 5208 1199 5261 hoc
1209 5207 1431 5291 chirographum,
1444 5210 1532 5266 deleres
1543 5213 1742 5288 chirographum
1755 5221 1819 5294 legia

1019 5288 1136 5362 peccatu,
1149 5278 1219 5362 guad
1232 5294 1277 5346 per
1288 5289 1426 5336 sententias
1440 5284 1580 5340 anteriores
1596 5296 1750 5344 contratrum
1763 5303 1821 5349 erat

1021 5350 1103 5432 nolu.
1120 5347 1197 5406 Unde
1211 5364 1236 5404 tu
1252 5365 1293 5434 ps.
1310 5365 1374 5434 extr,
1391 5366 1420 5406 ιι.
1438 5351 1485 5419 ts,
1499 5355 1731 5429 illmlsimpliciter
1742 5376 1820 5420 uocat

1021 5421 1222 5502 cirographum
1235 5421 1300 5490 legis
1314 5438 1325 5487 ,·
1341 5420 1384 5503 huc
1398 5436 1463 5478 vero
1475 5429 1625 5483 senteutiam
1645 5433 1743 5489 orortis.
1760 5434 1820 5492 Non

1022 5502 1065 5549 est
1077 5491 1342 5576 ornrttcmlumquod
1358 5508 1384 5548 m
1397 5509 1450 5549 ono
1465 5511 1515 5551 ms.
1529 5495 1608 5553 coto
1624 5511 1722 5568 exstat,
1733 5508 1821 5561 chira·

1053 5563 1151 5629 aptium
1172 5564 1265 5618 merres
1285 5580 1313 5618 m
1326 5565 1466 5620 macariis.
1483 5566 1518 5624 Et
1531 5567 1583 5626 hoe
1605 5571 1708 5631 llilario
1720 5587 1763 5634 est
1776 5594 1822 5633 so·

165 5631 975 5787 οοοο.οιιοἰιιιιοοοοιοοοιιο
1025 5634 1412 5781 atlanteum
1426 5651 1493 5708 t..
1506 5641 1606 5712 ..u
1619 5646 1726 5717 ...a
1741 5649 1823 5715 m·

167 5791 307 5864 superior
333 5784 427 5843 hilarii
441 5782 510 5841 dicta
527 5796 603 5839 oum.
616 5779 645 5837 8.
