<?xml version="1.0" encoding="UTF-8"?>
<!DOCTYPE html PUBLIC "-//W3C//DTD XHTML 1.0 Transitional//EN"
    "http://www.w3.org/TR/xhtml1/DTD/xhtml1-transitional.dtd">
<html xmlns="http://www.w3.org/1999/xhtml" xml:lang="en" lang="en">
 <head>
  <title>
</title>
<meta http-equiv="Content-Type" content="text/html;charset=utf-8" />
  <meta name='ocr-system' content='tesseract 3.04.00' />
  <meta name='ocr-capabilities' content='ocr_page ocr_carea ocr_par ocr_line ocrx_word'/>
</head>
<body>
  <div class='ocr_page' id='page_1' title='image "./patrologiaecurs206unkngoog/patrologiaecurs206unkngoog_0203.png"; bbox 0 0 4209 6250; ppageno 0'>
   <div class='ocr_carea' id='block_1_1' title="bbox 183 277 238 336">
    <p class='ocr_par' dir='ltr' id='par_1_1' title="bbox 183 277 238 336">
     <span class='ocr_line' id='line_1_1' title="bbox 183 277 238 336; baseline -0.036 0"><span class='ocrx_word' id='word_1_1' title='bbox 183 277 238 336; x_wconf 78' lang='lat'>577</span> 
     </span>
    </p>
   </div>
   <div class='ocr_carea' id='block_1_2' title="bbox 795 274 1224 338">
    <p class='ocr_par' dir='ltr' id='par_1_2' title="bbox 795 274 1224 338">
     <span class='ocr_line' id='line_1_2' title="bbox 795 274 1224 338; baseline 0.012 -7"><span class='ocrx_word' id='word_1_2' title='bbox 795 274 1043 335; x_wconf 70' lang='lat' dir='ltr'>nenbrunnen</span> <span class='ocrx_word' id='word_1_3' title='bbox 1067 277 1168 337; x_wconf 76' lang='lat' dir='ltr'>ntuetr</span> <span class='ocrx_word' id='word_1_4' title='bbox 1190 281 1224 338; x_wconf 87' lang='lat' dir='ltr'>x.</span> 
     </span>
    </p>
   </div>
   <div class='ocr_carea' id='block_1_3' title="bbox 1784 282 1838 339">
    <p class='ocr_par' dir='ltr' id='par_1_3' title="bbox 1784 282 1838 339">
     <span class='ocr_line' id='line_1_3' title="bbox 1784 282 1838 339; baseline 0.019 -1"><span class='ocrx_word' id='word_1_5' title='bbox 1784 282 1838 339; x_wconf 75' lang='grc'>578</span> 
     </span>
    </p>
   </div>
   <div class='ocr_carea' id='block_1_4' title="bbox 181 389 1837 470">
    <p class='ocr_par' dir='ltr' id='par_1_4' title="bbox 181 389 1837 470">
     <span class='ocr_line' id='line_1_4' title="bbox 181 389 1837 470; baseline 0.001 -14"><span class='ocrx_word' id='word_1_6' title='bbox 181 397 279 456; x_wconf 77' lang='lat' dir='ltr'>batnrt</span> <span class='ocrx_word' id='word_1_7' title='bbox 303 403 332 452; x_wconf 92' lang='lat' dir='ltr'>et</span> <span class='ocrx_word' id='word_1_8' title='bbox 344 395 419 469; x_wconf 85' lang='lat' dir='ltr'>quod</span> <span class='ocrx_word' id='word_1_9' title='bbox 434 403 495 452; x_wconf 91' lang='lat' dir='ltr'>orat</span> <span class='ocrx_word' id='word_1_10' title='bbox 508 396 660 464; x_wconf 80' lang='lat' dir='ltr'>bonrirrus3</span> <span class='ocrx_word' id='word_1_11' title='bbox 685 394 778 468; x_wconf 85' lang='lat' dir='ltr'>utiquo</span> <span class='ocrx_word' id='word_1_12' title='bbox 792 410 843 468; x_wconf 92' lang='lat' dir='ltr'>pro</span> <span class='ocrx_word' id='word_1_13' title='bbox 857 395 900 451; x_wconf 89' lang='lat' dir='ltr'>itis</span> <span class='ocrx_word' id='word_1_14' title='bbox 914 404 984 463; x_wconf 84' lang='lat' dir='ltr'>orat,</span> <span class='ocrx_word' id='word_1_15' title='bbox 999 398 1023 458; x_wconf 78' lang='lat' dir='ltr'>A</span> <span class='ocrx_word' id='word_1_16' title='bbox 1039 389 1101 455; x_wconf 90' lang='lat' dir='ltr'>nem</span> <span class='ocrx_word' id='word_1_17' title='bbox 1116 405 1169 466; x_wconf 87' lang='lat' dir='ltr'>est,</span> <span class='ocrx_word' id='word_1_18' title='bbox 1197 399 1323 456; x_wconf 81' lang='lat' dir='ltr'>liumanae</span> <span class='ocrx_word' id='word_1_19' title='bbox 1339 396 1530 470; x_wconf 86' lang='lat' dir='ltr'>trepidationis</span> <span class='ocrx_word' id='word_1_20' title='bbox 1544 399 1685 457; x_wconf 74' lang='lat' dir='ltr'><strong>anxietas:</strong></span> <span class='ocrx_word' id='word_1_21' title='bbox 1711 409 1740 458; x_wconf 92' lang='lat' dir='ltr'>et</span> <span class='ocrx_word' id='word_1_22' title='bbox 1758 409 1837 458; x_wconf 83' lang='lat' dir='ltr'>extre</span> 
     </span>
    </p>
   </div>
   <div class='ocr_carea' id='block_1_5' title="bbox 180 488 987 1593">
    <p class='ocr_par' dir='ltr' id='par_1_5' title="bbox 180 488 987 1593">
     <span class='ocr_line' id='line_1_5' title="bbox 180 488 985 563; baseline 0.001 -18"><span class='ocrx_word' id='word_1_23' title='bbox 180 503 252 563; x_wconf 84' lang='lat' dir='ltr'>quos</span> <span class='ocrx_word' id='word_1_24' title='bbox 264 504 327 546; x_wconf 90' lang='lat' dir='ltr'>cum</span> <span class='ocrx_word' id='word_1_25' title='bbox 344 489 386 545; x_wconf 89' lang='lat' dir='ltr'>iris</span> <span class='ocrx_word' id='word_1_26' title='bbox 409 490 595 561; x_wconf 90' lang='lat' dir='ltr'>manensipse</span> <span class='ocrx_word' id='word_1_27' title='bbox 609 488 745 556; x_wconf 83' lang='lat' dir='ltr'>saluauit,</span> <span class='ocrx_word' id='word_1_28' title='bbox 771 504 839 559; x_wconf 82' lang='lat' dir='ltr'>quos</span> <span class='ocrx_word' id='word_1_29' title='bbox 862 498 890 545; x_wconf 91' lang='grc' dir='ltr'>ει</span> <span class='ocrx_word' id='word_1_30' title='bbox 911 488 985 546; x_wconf 90' lang='lat' dir='ltr'>Patri</span> 
     </span>
     <span class='ocr_line' id='line_1_6' title="bbox 181 583 986 655; baseline -0.005 -14"><span class='ocrx_word' id='word_1_31' title='bbox 181 583 328 641; x_wconf 75' lang='lat' dir='ltr'>mirandos</span> <span class='ocrx_word' id='word_1_32' title='bbox 340 583 462 655; x_wconf 76' lang='lat' dir='ltr'>reliquit.</span> <span class='ocrx_word' id='word_1_33' title='bbox 501 583 578 640; x_wconf 87' lang='lat' dir='ltr'>Nune</span> <span class='ocrx_word' id='word_1_34' title='bbox 600 592 876 641; x_wconf 87' lang='lat' dir='ltr'>reruaacramentum</span> <span class='ocrx_word' id='word_1_35' title='bbox 890 583 986 637; x_wconf 90' lang='lat' dir='ltr'>mortis</span> 
     </span>
     <span class='ocr_line' id='line_1_7' title="bbox 181 672 985 748; baseline -0.006 -16"><span class='ocrx_word' id='word_1_36' title='bbox 181 685 354 748; x_wconf 71' lang='lat' dir='ltr'>peracturus,</span> <span class='ocrx_word' id='word_1_37' title='bbox 371 675 479 731; x_wconf 86' lang='lat' dir='ltr'>Patrem</span> <span class='ocrx_word' id='word_1_38' title='bbox 494 674 535 730; x_wconf 81' lang='lat' dir='ltr'>liis</span> <span class='ocrx_word' id='word_1_39' title='bbox 549 675 688 731; x_wconf 76' lang='lat' dir='ltr'><strong>custodem</strong></span> <span class='ocrx_word' id='word_1_40' title='bbox 707 681 894 745; x_wconf 68' lang='lat' dir='ltr'>precatuum</span> <span class='ocrx_word' id='word_1_41' title='bbox 908 672 985 728; x_wconf 88' lang='lat' dir='ltr'>missi</span> 
     </span>
     <span class='ocr_line' id='line_1_8' title="bbox 183 766 987 842; baseline -0.007 -14"><span class='ocrx_word' id='word_1_42' title='bbox 183 769 212 828; x_wconf 93' lang='lat' dir='ltr'>iu</span> <span class='ocrx_word' id='word_1_43' title='bbox 229 786 264 827; x_wconf 92' lang='lat' dir='ltr'>eo</span> <span class='ocrx_word' id='word_1_44' title='bbox 281 770 383 842; x_wconf 87' lang='lat' dir='ltr'>angeli,</span> <span class='ocrx_word' id='word_1_45' title='bbox 399 770 421 824; x_wconf 82' lang='lat' dir='ltr'>si</span> <span class='ocrx_word' id='word_1_46' title='bbox 437 778 527 826; x_wconf 86' lang='lat' dir='ltr'>tamen</span> <span class='ocrx_word' id='word_1_47' title='bbox 542 770 577 825; x_wconf 91' lang='lat' dir='ltr'>ita</span> <span class='ocrx_word' id='word_1_48' title='bbox 590 780 643 835; x_wconf 97' lang='grc' dir='ltr'>εει,</span> <span class='ocrx_word' id='word_1_49' title='bbox 658 783 711 824; x_wconf 89' lang='lat' dir='ltr'>non</span> <span class='ocrx_word' id='word_1_50' title='bbox 723 767 848 839; x_wconf 80' lang='lat' dir='ltr'>atribigua</span> <span class='ocrx_word' id='word_1_51' title='bbox 864 766 903 840; x_wconf 86' lang='grc' dir='ltr'>(ι)</span> <span class='ocrx_word' id='word_1_52' title='bbox 919 782 987 836; x_wconf 70' lang='lat' dir='ltr'>prrae-</span> 
     </span>
     <span class='ocr_line' id='line_1_9' title="bbox 181 853 984 938; baseline -0.006 -15"><span class='ocrx_word' id='word_1_53' title='bbox 181 867 270 923; x_wconf 86' lang='lat' dir='ltr'>sentia</span> <span class='ocrx_word' id='word_1_54' title='bbox 291 877 351 933; x_wconf 83' lang='lat' dir='ltr'>est3</span> <span class='ocrx_word' id='word_1_55' title='bbox 375 876 403 923; x_wconf 92' lang='lat' dir='ltr'>et</span> <span class='ocrx_word' id='word_1_56' title='bbox 426 865 545 924; x_wconf 74' lang='lat' dir='ltr'>obtentae</span> <span class='ocrx_word' id='word_1_57' title='bbox 567 865 658 938; x_wconf 88' lang='lat' dir='ltr'>precis</span> <span class='ocrx_word' id='word_1_58' title='bbox 684 853 826 921; x_wconf 76' lang='lat' dir='ltr'>rnanile&#39;sta</span> <span class='ocrx_word' id='word_1_59' title='bbox 850 864 984 920; x_wconf 88' lang='lat' dir='ltr'>securitas</span> 
     </span>
     <span class='ocr_line' id='line_1_10' title="bbox 182 957 985 1030; baseline -0.01 -9"><span class='ocrx_word' id='word_1_60' title='bbox 182 971 241 1030; x_wconf 87' lang='lat' dir='ltr'>est,</span> <span class='ocrx_word' id='word_1_61' title='bbox 270 978 332 1019; x_wconf 87' lang='lat' dir='ltr'>curn</span> <span class='ocrx_word' id='word_1_62' title='bbox 357 976 406 1019; x_wconf 89' lang='lat' dir='ltr'>eos</span> <span class='ocrx_word' id='word_1_63' title='bbox 427 971 615 1019; x_wconf 88' lang='lat' dir='ltr'>consummata</span> <span class='ocrx_word' id='word_1_64' title='bbox 640 961 765 1017; x_wconf 89' lang='lat' dir='ltr'>oratioue</span> <span class='ocrx_word' id='word_1_65' title='bbox 779 959 939 1016; x_wconf 72' lang='lat' dir='ltr'>adhortatur</span> <span class='ocrx_word' id='word_1_66' title='bbox 956 957 985 1013; x_wconf 93' lang='lat' dir='ltr'>iu</span> 
     </span>
     <span class='ocr_line' id='line_1_11' title="bbox 182 1052 985 1125; baseline -0.009 -10"><span class='ocrx_word' id='word_1_67' title='bbox 182 1072 322 1115; x_wconf 87' lang='lat' dir='ltr'>somnum.</span> <span class='ocrx_word' id='word_1_68' title='bbox 372 1055 507 1113; x_wconf 79' lang='lat' dir='ltr'>Effectum</span> <span class='ocrx_word' id='word_1_69' title='bbox 522 1067 612 1111; x_wconf 90' lang='lat' dir='ltr'>autem</span> <span class='ocrx_word' id='word_1_70' title='bbox 629 1056 780 1125; x_wconf 75' lang='lat' dir='ltr'>impetratae</span> <span class='ocrx_word' id='word_1_71' title='bbox 794 1052 940 1116; x_wconf 89' lang='lat' dir='ltr'>orationis,</span> <span class='ocrx_word' id='word_1_72' title='bbox 958 1059 985 1108; x_wconf 90' lang='lat' dir='ltr'>et</span> 
     </span>
     <span class='ocr_line' id='line_1_12' title="bbox 184 1147 985 1220; baseline -0.012 -9"><span class='ocrx_word' id='word_1_73' title='bbox 184 1151 337 1211; x_wconf 79' lang='lat' dir='ltr'>adhortatae</span> <span class='ocrx_word' id='word_1_74' title='bbox 361 1149 535 1207; x_wconf 69' lang='lat' dir='ltr'>dormitionis</span> <span class='ocrx_word' id='word_1_75' title='bbox 562 1149 758 1217; x_wconf 90' lang='lat' dir='ltr'>securitatem,</span> <span class='ocrx_word' id='word_1_76' title='bbox 789 1148 845 1220; x_wconf 81' lang='lat' dir='ltr'>jam</span> <span class='ocrx_word' id='word_1_77' title='bbox 872 1151 898 1202; x_wconf 92' lang='lat' dir='ltr'>iu</span> <span class='ocrx_word' id='word_1_78' title='bbox 926 1147 985 1218; x_wconf 88' lang='lat' dir='ltr'>ipso</span> 
     </span>
     <span class='ocr_line' id='line_1_13' title="bbox 184 1241 985 1318; baseline -0.011 -16"><span class='ocrx_word' id='word_1_79' title='bbox 184 1261 269 1318; x_wconf 88' lang='lat' dir='ltr'>opere</span> <span class='ocrx_word' id='word_1_80' title='bbox 282 1244 417 1317; x_wconf 79' lang='lat' dir='ltr'>passionis</span> <span class='ocrx_word' id='word_1_81' title='bbox 431 1241 605 1313; x_wconf 79' lang='lat' dir='ltr'>Euangelista</span> <span class='ocrx_word' id='word_1_82' title='bbox 627 1242 812 1309; x_wconf 87' lang='lat' dir='ltr'>dentnustrat,</span> <span class='ocrx_word' id='word_1_83' title='bbox 832 1256 893 1297; x_wconf 90' lang='lat' dir='ltr'>cum</span> <span class='ocrx_word' id='word_1_84' title='bbox 919 1255 985 1310; x_wconf 81' lang='lat' dir='ltr'>apo·</span> 
     </span>
     <span class='ocr_line' id='line_1_14' title="bbox 183 1323 984 1406; baseline -0.007 -12"><span class='ocrx_word' id='word_1_85' title='bbox 183 1339 263 1395; x_wconf 90' lang='lat' dir='ltr'>stolis</span> <span class='ocrx_word' id='word_1_86' title='bbox 278 1335 414 1400; x_wconf 84' lang='lat' dir='ltr'>omatibus,</span> <span class='ocrx_word' id='word_1_87' title='bbox 440 1334 475 1391; x_wconf 91' lang='lat' dir='ltr'>de</span> <span class='ocrx_word' id='word_1_88' title='bbox 489 1323 693 1404; x_wconf 83' lang='lat' dir='ltr'>persecutorum</span> <span class='ocrx_word' id='word_1_89' title='bbox 709 1334 834 1390; x_wconf 87' lang='lat' dir='ltr'>manibus</span> <span class='ocrx_word' id='word_1_90' title='bbox 849 1332 984 1406; x_wconf 81' lang='lat' dir='ltr'>elapsuris</span> 
     </span>
     <span class='ocr_line' id='line_1_15' title="bbox 182 1425 986 1500; baseline -0.007 -14"><span class='ocrx_word' id='word_1_91' title='bbox 182 1428 238 1486; x_wconf 88' lang='lat' dir='ltr'>ait:</span> <span class='ocrx_word' id='word_1_92' title='bbox 266 1427 302 1484; x_wconf 82' lang='lat' dir='ltr'>Ut</span> <span class='ocrx_word' id='word_1_93' title='bbox 316 1426 503 1500; x_wconf 75' lang='lat' dir='ltr'>adimpleretur</span> <span class='ocrx_word' id='word_1_94' title='bbox 514 1425 617 1481; x_wconf 84' lang='lat' dir='ltr'>uerbum</span> <span class='ocrx_word' id='word_1_95' title='bbox 631 1426 701 1496; x_wconf 81' lang='lat' dir='ltr'>qaod</span> <span class='ocrx_word' id='word_1_96' title='bbox 715 1425 836 1493; x_wconf 72' lang='lat' dir='ltr'>dixerat,</span> <span class='ocrx_word' id='word_1_97' title='bbox 863 1426 986 1497; x_wconf 74' lang='lat' dir='ltr'>quartiano</span> 
     </span>
     <span class='ocr_line' id='line_1_16' title="bbox 182 1519 985 1593; baseline -0.005 -17"><span class='ocrx_word' id='word_1_98' title='bbox 182 1538 246 1593; x_wconf 84' lang='lat' dir='ltr'>quaa</span> <span class='ocrx_word' id='word_1_99' title='bbox 261 1520 356 1576; x_wconf 78' lang='lat' dir='ltr'>dedisti</span> <span class='ocrx_word' id='word_1_100' title='bbox 368 1520 443 1588; x_wconf 86' lang='lat' dir='ltr'>aridi,</span> <span class='ocrx_word' id='word_1_101' title='bbox 460 1520 497 1591; x_wconf 79' lang='grc' dir='ltr'>((ι)</span> <span class='ocrx_word' id='word_1_102' title='bbox 526 1536 578 1574; x_wconf 85' lang='lat' dir='ltr'>nora</span> <span class='ocrx_word' id='word_1_103' title='bbox 592 1520 693 1590; x_wconf 83' lang='lat' dir='ltr'>perdidi</span> <span class='ocrx_word' id='word_1_104' title='bbox 708 1519 748 1592; x_wconf 83' lang='lat' dir='ltr'>(l)</span> <span class='ocrx_word' id='word_1_105' title='bbox 765 1521 842 1575; x_wconf 78' lang='lat' dir='ltr'>eseia</span> <span class='ocrx_word' id='word_1_106' title='bbox 857 1520 985 1575; x_wconf 88' lang='lat' dir='ltr'>uenriuem</span> 
     </span>
    </p>
   </div>
   <div class='ocr_carea' id='block_1_6' title="bbox 1035 491 1838 1590">
    <p class='ocr_par' dir='ltr' id='par_1_6' title="bbox 1035 491 1838 1590">
     <span class='ocr_line' id='line_1_17' title="bbox 1036 491 1835 563; baseline 0.004 -16"><span class='ocrx_word' id='word_1_107' title='bbox 1036 492 1139 548; x_wconf 91' lang='lat' dir='ltr'>terreni</span> <span class='ocrx_word' id='word_1_108' title='bbox 1154 499 1197 548; x_wconf 89' lang='lat' dir='ltr'>est</span> <span class='ocrx_word' id='word_1_109' title='bbox 1215 492 1340 563; x_wconf 89' lang='lat' dir='ltr'>corporis</span> <span class='ocrx_word' id='word_1_110' title='bbox 1355 492 1425 549; x_wconf 91' lang='lat' dir='ltr'>mala</span> <span class='ocrx_word' id='word_1_111' title='bbox 1441 535 1449 561; x_wconf 87' lang='lat'>,</span> <span class='ocrx_word' id='word_1_112' title='bbox 1477 507 1530 548; x_wconf 94' lang='lat' dir='ltr'>uon</span> <span class='ocrx_word' id='word_1_113' title='bbox 1545 493 1661 550; x_wconf 90' lang='lat' dir='ltr'>terrenis</span> <span class='ocrx_word' id='word_1_114' title='bbox 1679 491 1835 550; x_wconf 85' lang='lat' dir='ltr'>inchoatum</span> 
     </span>
     <span class='ocr_line' id='line_1_18' title="bbox 1035 585 1838 660; baseline 0.002 -18"><span class='ocrx_word' id='word_1_115' title='bbox 1035 601 1136 655; x_wconf 85' lang='lat' dir='ltr'>corpus</span> <span class='ocrx_word' id='word_1_116' title='bbox 1149 587 1303 655; x_wconf 90' lang='lat' dir='ltr'>elementis,</span> <span class='ocrx_word' id='word_1_117' title='bbox 1315 588 1368 644; x_wconf 88' lang='lat' dir='ltr'>etsi</span> <span class='ocrx_word' id='word_1_118' title='bbox 1378 587 1512 659; x_wconf 76' lang='lat' dir='ltr'>originem</span> <span class='ocrx_word' id='word_1_119' title='bbox 1526 585 1568 660; x_wconf 88' lang='lat' dir='ltr'>(rt)</span> <span class='ocrx_word' id='word_1_120' title='bbox 1582 587 1631 643; x_wconf 87' lang='lat' dir='ltr'>tilii</span> <span class='ocrx_word' id='word_1_121' title='bbox 1647 586 1838 644; x_wconf 88' lang='lat' dir='ltr'>ltominissan·</span> 
     </span>
     <span class='ocr_line' id='line_1_19' title="bbox 1035 681 1834 755; baseline 0.004 -19"><span class='ocrx_word' id='word_1_122' title='bbox 1035 691 1096 737; x_wconf 89' lang='lat' dir='ltr'>ctus</span> <span class='ocrx_word' id='word_1_123' title='bbox 1107 682 1227 754; x_wconf 85' lang='lat' dir='ltr'>Spiritus</span> <span class='ocrx_word' id='word_1_124' title='bbox 1240 698 1291 755; x_wconf 92' lang='lat' dir='ltr'>per</span> <span class='ocrx_word' id='word_1_125' title='bbox 1306 692 1506 740; x_wconf 90' lang='lat' dir='ltr'>sacramentum</span> <span class='ocrx_word' id='word_1_126' title='bbox 1519 681 1706 752; x_wconf 88' lang='lat' dir='ltr'>eottecptionis</span> <span class='ocrx_word' id='word_1_127' title='bbox 1719 681 1834 739; x_wconf 68' lang='lat' dir='ltr'>intexit,</span> 
     </span>
     <span class='ocr_line' id='line_1_20' title="bbox 1035 771 1835 849; baseline 0.005 -21"><span class='ocrx_word' id='word_1_128' title='bbox 1035 771 1138 846; x_wconf 82' lang='lat' dir='ltr'>Nempe</span> <span class='ocrx_word' id='word_1_129' title='bbox 1149 784 1177 831; x_wconf 91' lang='lat' dir='ltr'>ct</span> <span class='ocrx_word' id='word_1_130' title='bbox 1189 775 1323 833; x_wconf 80' lang='lat' dir='ltr'>ditissimi</span> <span class='ocrx_word' id='word_1_131' title='bbox 1338 776 1433 840; x_wconf 87' lang='lat' dir='ltr'>uirtus,</span> <span class='ocrx_word' id='word_1_132' title='bbox 1447 776 1486 849; x_wconf 80' lang='grc'>(5)</span> <span class='ocrx_word' id='word_1_133' title='bbox 1502 777 1627 832; x_wconf 89' lang='lat' dir='ltr'>virtutem</span> <span class='ocrx_word' id='word_1_134' title='bbox 1643 774 1681 848; x_wconf 87' lang='grc' dir='ltr'>(ε)</span> <span class='ocrx_word' id='word_1_135' title='bbox 1701 776 1835 846; x_wconf 87' lang='lat' dir='ltr'>corporis,</span> 
     </span>
     <span class='ocr_line' id='line_1_21' title="bbox 1035 868 1837 942; baseline 0.005 -21"><span class='ocrx_word' id='word_1_136' title='bbox 1035 869 1108 937; x_wconf 88' lang='lat' dir='ltr'>quod</span> <span class='ocrx_word' id='word_1_137' title='bbox 1121 885 1155 926; x_wconf 85' lang='lat' dir='ltr'>er</span> <span class='ocrx_word' id='word_1_138' title='bbox 1167 870 1348 942; x_wconf 79' lang='lat' dir='ltr'>conceptione</span> <span class='ocrx_word' id='word_1_139' title='bbox 1357 868 1473 939; x_wconf 86' lang='lat' dir='ltr'>Spiritus</span> <span class='ocrx_word' id='word_1_140' title='bbox 1484 870 1560 942; x_wconf 85' lang='lat' dir='ltr'>virgo</span> <span class='ocrx_word' id='word_1_141' title='bbox 1572 868 1717 940; x_wconf 76' lang='lat' dir='ltr'>gignebat,</span> <span class='ocrx_word' id='word_1_142' title='bbox 1747 868 1837 925; x_wconf 89' lang='lat' dir='ltr'>admi·</span> 
     </span>
     <span class='ocr_line' id='line_1_22' title="bbox 1036 960 1836 1034; baseline 0.001 -17"><span class='ocrx_word' id='word_1_143' title='bbox 1036 962 1117 1018; x_wconf 90' lang='lat' dir='ltr'>scuit.</span> <span class='ocrx_word' id='word_1_144' title='bbox 1142 960 1210 1017; x_wconf 88' lang='lat' dir='ltr'>Naar</span> <span class='ocrx_word' id='word_1_145' title='bbox 1235 976 1298 1017; x_wconf 90' lang='lat' dir='ltr'>curu</span> <span class='ocrx_word' id='word_1_146' title='bbox 1320 962 1534 1033; x_wconf 70' lang='lat' dir='ltr'>pertransimus</span> <span class='ocrx_word' id='word_1_147' title='bbox 1558 962 1585 1017; x_wconf 93' lang='lat' dir='ltr'>in</span> <span class='ocrx_word' id='word_1_148' title='bbox 1609 976 1708 1034; x_wconf 90' lang='lat' dir='ltr'>corpus</span> <span class='ocrx_word' id='word_1_149' title='bbox 1737 961 1836 1018; x_wconf 83' lang='lat' dir='ltr'>anitum</span> 
     </span>
     <span class='ocr_line' id='line_1_23' title="bbox 1035 1054 1831 1126; baseline 0.003 -17"><span class='ocrx_word' id='word_1_150' title='bbox 1035 1054 1214 1122; x_wconf 85' lang='lat' dir='ltr'>consortium,</span> <span class='ocrx_word' id='word_1_151' title='bbox 1224 1069 1322 1112; x_wconf 89' lang='lat' dir='ltr'>sensus</span> <span class='ocrx_word' id='word_1_152' title='bbox 1336 1055 1447 1111; x_wconf 82' lang='lat' dir='ltr'>astituati</span> <span class='ocrx_word' id='word_1_153' title='bbox 1461 1055 1585 1126; x_wconf 87' lang='lat' dir='ltr'>eorporis</span> <span class='ocrx_word' id='word_1_154' title='bbox 1598 1054 1683 1122; x_wconf 85' lang='lat' dir='ltr'>rirat,</span> <span class='ocrx_word' id='word_1_155' title='bbox 1699 1065 1727 1111; x_wconf 90' lang='lat' dir='ltr'>et</span> <span class='ocrx_word' id='word_1_156' title='bbox 1742 1055 1831 1126; x_wconf 84' lang='lat' dir='ltr'>ipsum</span> 
     </span>
     <span class='ocr_line' id='line_1_24' title="bbox 1035 1145 1837 1220; baseline 0.006 -18"><span class='ocrx_word' id='word_1_157' title='bbox 1035 1145 1070 1202; x_wconf 89' lang='lat' dir='ltr'>ad</span> <span class='ocrx_word' id='word_1_158' title='bbox 1091 1145 1227 1202; x_wconf 89' lang='lat' dir='ltr'>illatorum</span> <span class='ocrx_word' id='word_1_159' title='bbox 1247 1147 1372 1203; x_wconf 89' lang='lat' dir='ltr'>dolorem</span> <span class='ocrx_word' id='word_1_160' title='bbox 1396 1163 1497 1218; x_wconf 87' lang='lat' dir='ltr'>corpus</span> <span class='ocrx_word' id='word_1_161' title='bbox 1521 1147 1613 1204; x_wconf 91' lang='lat' dir='ltr'>anima</span> <span class='ocrx_word' id='word_1_162' title='bbox 1638 1148 1746 1218; x_wconf 89' lang='lat' dir='ltr'>corpori</span> <span class='ocrx_word' id='word_1_163' title='bbox 1774 1164 1837 1220; x_wconf 90' lang='lat' dir='ltr'>per·</span> 
     </span>
     <span class='ocr_line' id='line_1_25' title="bbox 1036 1238 1837 1313; baseline 0.004 -19"><span class='ocrx_word' id='word_1_164' title='bbox 1036 1239 1119 1295; x_wconf 85' lang='lat' dir='ltr'>mista</span> <span class='ocrx_word' id='word_1_165' title='bbox 1134 1238 1275 1307; x_wconf 77' lang='lat' dir='ltr'>riritieet3</span> <span class='ocrx_word' id='word_1_166' title='bbox 1300 1255 1365 1311; x_wconf 75' lang='lat' dir='ltr'>qum,</span> <span class='ocrx_word' id='word_1_167' title='bbox 1382 1240 1428 1296; x_wconf 91' lang='lat' dir='ltr'>nbi</span> <span class='ocrx_word' id='word_1_168' title='bbox 1449 1241 1570 1298; x_wconf 76' lang='lat' dir='ltr'>celestis</span> <span class='ocrx_word' id='word_1_169' title='bbox 1585 1242 1643 1313; x_wconf 84' lang='lat' dir='ltr'>spei</span> <span class='ocrx_word' id='word_1_170' title='bbox 1657 1256 1690 1298; x_wconf 89' lang='lat' dir='ltr'>ac</span> <span class='ocrx_word' id='word_1_171' title='bbox 1704 1239 1766 1297; x_wconf 90' lang='lat' dir='ltr'>tidei</span> <span class='ocrx_word' id='word_1_172' title='bbox 1779 1256 1837 1298; x_wconf 79' lang='lat' dir='ltr'>suu</span> 
     </span>
     <span class='ocr_line' id='line_1_26' title="bbox 1036 1330 1837 1405; baseline 0.005 -19"><span class='ocrx_word' id='word_1_173' title='bbox 1036 1330 1117 1387; x_wconf 91' lang='lat' dir='ltr'>beata</span> <span class='ocrx_word' id='word_1_174' title='bbox 1132 1332 1234 1401; x_wconf 88' lang='lat' dir='ltr'>calore,</span> <span class='ocrx_word' id='word_1_175' title='bbox 1259 1340 1376 1389; x_wconf 76' lang='lat' dir='ltr'>terrenae</span> <span class='ocrx_word' id='word_1_176' title='bbox 1387 1333 1412 1388; x_wconf 93' lang='lat' dir='ltr'>in</span> <span class='ocrx_word' id='word_1_177' title='bbox 1425 1348 1540 1404; x_wconf 83' lang='lat' dir='ltr'>corpore</span> <span class='ocrx_word' id='word_1_178' title='bbox 1552 1348 1602 1390; x_wconf 91' lang='lat' dir='ltr'>suo</span> <span class='ocrx_word' id='word_1_179' title='bbox 1612 1334 1726 1405; x_wconf 84' lang='lat' dir='ltr'>originis</span> <span class='ocrx_word' id='word_1_180' title='bbox 1739 1332 1837 1404; x_wconf 89' lang='lat' dir='ltr'>despe-</span> 
     </span>
     <span class='ocr_line' id='line_1_27' title="bbox 1035 1424 1836 1499; baseline 0.005 -20"><span class='ocrx_word' id='word_1_181' title='bbox 1035 1425 1075 1480; x_wconf 85' lang='lat' dir='ltr'>xit</span> <span class='ocrx_word' id='word_1_182' title='bbox 1088 1424 1242 1493; x_wconf 83' lang='lat' dir='ltr'>exordinm,</span> <span class='ocrx_word' id='word_1_183' title='bbox 1266 1428 1308 1483; x_wconf 90' lang='lat' dir='ltr'>sui</span> <span class='ocrx_word' id='word_1_184' title='bbox 1326 1442 1435 1498; x_wconf 80' lang='lat' dir='ltr'>quoque</span> <span class='ocrx_word' id='word_1_185' title='bbox 1448 1440 1545 1489; x_wconf 86' lang='lat' dir='ltr'>scrrsus</span> <span class='ocrx_word' id='word_1_186' title='bbox 1558 1441 1592 1483; x_wconf 93' lang='lat' dir='ltr'>ac</span> <span class='ocrx_word' id='word_1_187' title='bbox 1611 1426 1725 1499; x_wconf 88' lang='lat' dir='ltr'>spiritus</span> <span class='ocrx_word' id='word_1_188' title='bbox 1736 1441 1836 1498; x_wconf 90' lang='lat' dir='ltr'>corpus</span> 
     </span>
     <span class='ocr_line' id='line_1_28' title="bbox 1036 1515 1835 1590; baseline 0.001 -17"><span class='ocrx_word' id='word_1_189' title='bbox 1036 1515 1154 1573; x_wconf 89' lang='lat' dir='ltr'>eiticitur</span> <span class='ocrx_word' id='word_1_190' title='bbox 1168 1516 1314 1587; x_wconf 88' lang='lat' dir='ltr'>indolere,</span> <span class='ocrx_word' id='word_1_191' title='bbox 1331 1527 1361 1573; x_wconf 93' lang='lat' dir='ltr'>ut</span> <span class='ocrx_word' id='word_1_192' title='bbox 1386 1516 1442 1589; x_wconf 87' lang='lat' dir='ltr'>pati</span> <span class='ocrx_word' id='word_1_193' title='bbox 1463 1531 1493 1573; x_wconf 88' lang='lat' dir='ltr'>se</span> <span class='ocrx_word' id='word_1_194' title='bbox 1517 1517 1624 1574; x_wconf 90' lang='lat' dir='ltr'>desinat</span> <span class='ocrx_word' id='word_1_195' title='bbox 1648 1519 1750 1574; x_wconf 85' lang='lat' dir='ltr'>sentire</span> <span class='ocrx_word' id='word_1_196' title='bbox 1763 1519 1835 1590; x_wconf 80' lang='lat' dir='ltr'>quod</span> 
     </span>
    </p>
   </div>
   <div class='ocr_carea' id='block_1_7' title="bbox 182 1609 1837 1873">
    <p class='ocr_par' dir='ltr' id='par_1_7' title="bbox 182 1609 1837 1873">
     <span class='ocr_line' id='line_1_29' title="bbox 185 1609 1835 1687; baseline -0.002 -18"><span class='ocrx_word' id='word_1_197' title='bbox 185 1612 277 1687; x_wconf 79' lang='lat' dir='ltr'>(loun.</span> <span class='ocrx_word' id='word_1_198' title='bbox 294 1627 373 1680; x_wconf 79' lang='lat' dir='ltr'>artu,</span> <span class='ocrx_word' id='word_1_199' title='bbox 386 1609 425 1684; x_wconf 86' lang='grc'>9).</span> <span class='ocrx_word' id='word_1_200' title='bbox 437 1610 566 1683; x_wconf 90' lang='lat' dir='ltr'>impletur</span> <span class='ocrx_word' id='word_1_201' title='bbox 577 1611 649 1668; x_wconf 89' lang='lat' dir='ltr'>euim</span> <span class='ocrx_word' id='word_1_202' title='bbox 667 1627 757 1682; x_wconf 89' lang='lat' dir='ltr'>perse</span> <span class='ocrx_word' id='word_1_203' title='bbox 771 1610 903 1667; x_wconf 90' lang='lat' dir='ltr'>orationis</span> <span class='ocrx_word' id='word_1_204' title='bbox 924 1626 984 1683; x_wconf 92' lang='lat' dir='ltr'>prc·</span> <span class='ocrx_word' id='word_1_205' title='bbox 1035 1612 1158 1680; x_wconf 87' lang='lat' dir='ltr'>patitur:</span> <span class='ocrx_word' id='word_1_206' title='bbox 1182 1618 1210 1666; x_wconf 92' lang='lat' dir='ltr'>ct</span> <span class='ocrx_word' id='word_1_207' title='bbox 1221 1610 1284 1681; x_wconf 82' lang='lat' dir='ltr'>quid</span> <span class='ocrx_word' id='word_1_208' title='bbox 1300 1609 1379 1666; x_wconf 90' lang='lat' dir='ltr'>nobis</span> <span class='ocrx_word' id='word_1_209' title='bbox 1393 1609 1427 1666; x_wconf 92' lang='lat' dir='ltr'>de</span> <span class='ocrx_word' id='word_1_210' title='bbox 1439 1619 1533 1666; x_wconf 91' lang='lat' dir='ltr'>natura</span> <span class='ocrx_word' id='word_1_211' title='bbox 1547 1610 1676 1667; x_wconf 88' lang='lat' dir='ltr'>domitrici</span> <span class='ocrx_word' id='word_1_212' title='bbox 1700 1612 1835 1683; x_wconf 87' lang='lat' dir='ltr'>eorporis,</span> 
     </span>
     <span class='ocr_line' id='line_1_30' title="bbox 184 1701 1837 1772; baseline -0.002 -8"><span class='ocrx_word' id='word_1_213' title='bbox 184 1715 267 1772; x_wconf 85' lang='lat' dir='ltr'>catio,</span> <span class='ocrx_word' id='word_1_214' title='bbox 291 1715 318 1761; x_wconf 91' lang='lat' dir='ltr'>et</span> <span class='ocrx_word' id='word_1_215' title='bbox 345 1705 413 1761; x_wconf 86' lang='lat' dir='ltr'>sulti</span> <span class='ocrx_word' id='word_1_216' title='bbox 433 1720 529 1761; x_wconf 83' lang='lat' dir='ltr'>amires</span> <span class='ocrx_word' id='word_1_217' title='bbox 550 1715 624 1761; x_wconf 88' lang='lat' dir='ltr'>sunt.</span> <span class='ocrx_word' id='word_1_218' title='bbox 645 1704 700 1762; x_wconf 85' lang='lat' dir='ltr'>Sed</span> <span class='ocrx_word' id='word_1_219' title='bbox 726 1711 820 1760; x_wconf 90' lang='lat' dir='ltr'>oratur</span> <span class='ocrx_word' id='word_1_220' title='bbox 834 1704 926 1769; x_wconf 86' lang='lat' dir='ltr'>Pater,</span> <span class='ocrx_word' id='word_1_221' title='bbox 955 1714 985 1759; x_wconf 92' lang='lat' dir='ltr'>ut</span> <span class='ocrx_word' id='word_1_222' title='bbox 1035 1702 1270 1760; x_wconf 89' lang='lat' dir='ltr'>etdescendeatis</span> <span class='ocrx_word' id='word_1_223' title='bbox 1293 1701 1327 1759; x_wconf 88' lang='lat' dir='ltr'>de</span> <span class='ocrx_word' id='word_1_224' title='bbox 1350 1703 1421 1759; x_wconf 89' lang='lat' dir='ltr'>coelo</span> <span class='ocrx_word' id='word_1_225' title='bbox 1445 1702 1495 1758; x_wconf 89' lang='lat' dir='ltr'>lilii</span> <span class='ocrx_word' id='word_1_226' title='bbox 1508 1704 1628 1759; x_wconf 87' lang='lat' dir='ltr'>bominis</span> <span class='ocrx_word' id='word_1_227' title='bbox 1644 1702 1734 1760; x_wconf 92' lang='lat' dir='ltr'>adbuc</span> <span class='ocrx_word' id='word_1_228' title='bbox 1745 1718 1837 1760; x_wconf 86' lang='lat' dir='ltr'>sermo</span> 
     </span>
     <span class='ocr_line' id='line_1_31' title="bbox 182 1784 1834 1873; baseline -0.002 -15"><span class='ocrx_word' id='word_1_229' title='bbox 182 1802 303 1860; x_wconf 81' lang='lat' dir='ltr'>salsatos</span> <span class='ocrx_word' id='word_1_230' title='bbox 317 1815 367 1873; x_wconf 86' lang='lat' dir='ltr'>per</span> <span class='ocrx_word' id='word_1_231' title='bbox 380 1815 422 1869; x_wconf 85' lang='lat' dir='ltr'>se,</span> <span class='ocrx_word' id='word_1_232' title='bbox 445 1815 517 1857; x_wconf 85' lang='grc' dir='ltr'>ιιιιιε</span> <span class='ocrx_word' id='word_1_233' title='bbox 529 1799 556 1856; x_wconf 93' lang='lat' dir='ltr'>in</span> <span class='ocrx_word' id='word_1_234' title='bbox 570 1799 680 1856; x_wconf 90' lang='lat' dir='ltr'>nomine</span> <span class='ocrx_word' id='word_1_235' title='bbox 694 1814 744 1855; x_wconf 92' lang='lat' dir='ltr'>suo</span> <span class='ocrx_word' id='word_1_236' title='bbox 757 1799 844 1856; x_wconf 82' lang='lat' dir='ltr'>salvet</span> <span class='ocrx_word' id='word_1_237' title='bbox 856 1798 925 1869; x_wconf 86' lang='lat' dir='ltr'>ipse.</span> <span class='ocrx_word' id='word_1_238' title='bbox 950 1798 985 1854; x_wconf 79' lang='lat' dir='ltr'>Et</span> <span class='ocrx_word' id='word_1_239' title='bbox 998 1784 1023 1846; x_wconf 84' lang='grc' dir='ltr'><strong>Β</strong></span> <span class='ocrx_word' id='word_1_240' title='bbox 1036 1799 1093 1854; x_wconf 84' lang='lat' dir='ltr'>sit?</span> <span class='ocrx_word' id='word_1_241' title='bbox 1121 1798 1179 1869; x_wconf 87' lang='lat' dir='ltr'>ipsa</span> <span class='ocrx_word' id='word_1_242' title='bbox 1195 1807 1303 1855; x_wconf 87' lang='lat' dir='ltr'>terrena</span> <span class='ocrx_word' id='word_1_243' title='bbox 1325 1813 1440 1870; x_wconf 85' lang='lat' dir='ltr'>corpora</span> <span class='ocrx_word' id='word_1_244' title='bbox 1460 1797 1556 1855; x_wconf 89' lang='lat' dir='ltr'>timere</span> <span class='ocrx_word' id='word_1_245' title='bbox 1578 1811 1611 1854; x_wconf 90' lang='lat' dir='ltr'>ac</span> <span class='ocrx_word' id='word_1_246' title='bbox 1631 1797 1726 1855; x_wconf 91' lang='lat' dir='ltr'>dolere</span> <span class='ocrx_word' id='word_1_247' title='bbox 1751 1799 1834 1855; x_wconf 90' lang='lat' dir='ltr'>inter·</span> 
     </span>
    </p>
   </div>
   <div class='ocr_carea' id='block_1_8' title="bbox 182 1892 986 3180">
    <p class='ocr_par' dir='ltr' id='par_1_8' title="bbox 182 1892 983 2056">
     <span class='ocr_line' id='line_1_32' title="bbox 182 1892 983 1966; baseline -0.004 -14"><span class='ocrx_word' id='word_1_248' title='bbox 182 1896 254 1954; x_wconf 86' lang='lat' dir='ltr'>adeo</span> <span class='ocrx_word' id='word_1_249' title='bbox 267 1896 376 1963; x_wconf 81' lang='lat' dir='ltr'>satsat,</span> <span class='ocrx_word' id='word_1_250' title='bbox 398 1905 428 1950; x_wconf 95' lang='lat' dir='ltr'>nt</span> <span class='ocrx_word' id='word_1_251' title='bbox 440 1895 513 1951; x_wconf 91' lang='lat' dir='ltr'>Petri</span> <span class='ocrx_word' id='word_1_252' title='bbox 532 1894 599 1952; x_wconf 84' lang='lat' dir='ltr'>sides</span> <span class='ocrx_word' id='word_1_253' title='bbox 619 1893 779 1966; x_wconf 79' lang='lat' dir='ltr'>poenitentia</span> <span class='ocrx_word' id='word_1_254' title='bbox 795 1892 983 1965; x_wconf 80' lang='lat' dir='ltr'>subsequente</span> 
     </span>
     <span class='ocr_line' id='line_1_33' title="bbox 184 1988 573 2056; baseline -0.008 -8"><span class='ocrx_word' id='word_1_255' title='bbox 184 2004 239 2048; x_wconf 92' lang='lat' dir='ltr'>non</span> <span class='ocrx_word' id='word_1_256' title='bbox 250 1989 369 2056; x_wconf 86' lang='lat' dir='ltr'>deiciat,</span> <span class='ocrx_word' id='word_1_257' title='bbox 392 1988 573 2046; x_wconf 88' lang='lat' dir='ltr'>lieetterrita.</span> 
     </span>
    </p>

    <p class='ocr_par' dir='ltr' id='par_1_9' title="bbox 183 2078 986 3180">
     <span class='ocr_line' id='line_1_34' title="bbox 219 2078 985 2156; baseline -0.001 -18"><span class='ocrx_word' id='word_1_258' title='bbox 219 2083 264 2139; x_wconf 71' lang='lat' dir='ltr'>lb.</span> <span class='ocrx_word' id='word_1_259' title='bbox 280 2080 418 2156; x_wconf 76' lang='lat' dir='ltr'>Epilogus.</span> <span class='ocrx_word' id='word_1_260' title='bbox 432 2112 469 2123; x_wconf 97' lang='lat'>-</span> <span class='ocrx_word' id='word_1_261' title='bbox 484 2083 671 2138; x_wconf 81' lang='lat' dir='ltr'>demonstrata</span> <span class='ocrx_word' id='word_1_262' title='bbox 692 2079 784 2151; x_wconf 83' lang='lat' dir='ltr'>itaque</span> <span class='ocrx_word' id='word_1_263' title='bbox 799 2088 827 2136; x_wconf 91' lang='grc' dir='ltr'>ει</span> <span class='ocrx_word' id='word_1_264' title='bbox 842 2093 858 2135; x_wconf 88' lang='lat' dir='ltr'>a</span> <span class='ocrx_word' id='word_1_265' title='bbox 880 2078 985 2137; x_wconf 83' lang='lat' dir='ltr'>luanus</span> 
     </span>
     <span class='ocr_line' id='line_1_35' title="bbox 183 2171 985 2244; baseline -0.009 -11"><span class='ocrx_word' id='word_1_266' title='bbox 183 2175 291 2233; x_wconf 86' lang='lat' dir='ltr'>Domini</span> <span class='ocrx_word' id='word_1_267' title='bbox 303 2177 414 2243; x_wconf 89' lang='lat' dir='ltr'>oratio,</span> <span class='ocrx_word' id='word_1_268' title='bbox 443 2185 470 2231; x_wconf 91' lang='lat' dir='ltr'>et</span> <span class='ocrx_word' id='word_1_269' title='bbox 497 2191 512 2228; x_wconf 87' lang='lat' dir='ltr'>a</span> <span class='ocrx_word' id='word_1_270' title='bbox 528 2174 600 2230; x_wconf 86' lang='lat' dir='ltr'>Luca</span> <span class='ocrx_word' id='word_1_271' title='bbox 615 2173 715 2229; x_wconf 83' lang='lat' dir='ltr'>diaboli</span> <span class='ocrx_word' id='word_1_272' title='bbox 728 2171 887 2244; x_wconf 88' lang='lat' dir='ltr'>postulatio,</span> <span class='ocrx_word' id='word_1_273' title='bbox 910 2182 937 2227; x_wconf 89' lang='lat' dir='ltr'>et</span> <span class='ocrx_word' id='word_1_274' title='bbox 952 2186 985 2226; x_wconf 87' lang='lat' dir='ltr'>ea</span> 
     </span>
     <span class='ocr_line' id='line_1_36' title="bbox 183 2263 985 2342; baseline -0.005 -17"><span class='ocrx_word' id='word_1_275' title='bbox 183 2285 245 2342; x_wconf 77' lang='lat' dir='ltr'>quae</span> <span class='ocrx_word' id='word_1_276' title='bbox 271 2271 298 2325; x_wconf 91' lang='lat' dir='ltr'>in</span> <span class='ocrx_word' id='word_1_277' title='bbox 313 2269 441 2326; x_wconf 81' lang='lat' dir='ltr'>blattlraeo</span> <span class='ocrx_word' id='word_1_278' title='bbox 460 2277 541 2338; x_wconf 82' lang='lat' dir='ltr'>atoue</span> <span class='ocrx_word' id='word_1_279' title='bbox 554 2267 654 2336; x_wconf 85' lang='lat' dir='ltr'>ldarco,</span> <span class='ocrx_word' id='word_1_280' title='bbox 670 2275 697 2323; x_wconf 89' lang='lat' dir='ltr'>et</span> <span class='ocrx_word' id='word_1_281' title='bbox 711 2267 819 2322; x_wconf 85' lang='lat' dir='ltr'>tristitia</span> <span class='ocrx_word' id='word_1_282' title='bbox 840 2281 925 2337; x_wconf 85' lang='lat' dir='ltr'>nsque</span> <span class='ocrx_word' id='word_1_283' title='bbox 950 2263 985 2321; x_wconf 92' lang='lat' dir='ltr'>ad</span> 
     </span>
     <span class='ocr_line' id='line_1_37' title="bbox 183 2358 984 2431; baseline -0.009 -12"><span class='ocrx_word' id='word_1_284' title='bbox 183 2370 300 2419; x_wconf 90' lang='lat' dir='ltr'>mortem</span> <span class='ocrx_word' id='word_1_285' title='bbox 312 2373 365 2424; x_wconf 85' lang='lat' dir='ltr'>est.</span> <span class='ocrx_word' id='word_1_286' title='bbox 381 2361 510 2418; x_wconf 86' lang='lat' dir='ltr'>etsomni</span> <span class='ocrx_word' id='word_1_287' title='bbox 531 2359 696 2431; x_wconf 78' lang='lat' dir='ltr'>objurgatio,</span> <span class='ocrx_word' id='word_1_288' title='bbox 712 2368 741 2415; x_wconf 90' lang='lat' dir='ltr'>et</span> <span class='ocrx_word' id='word_1_289' title='bbox 761 2375 867 2415; x_wconf 86' lang='lat' dir='ltr'>rursum</span> <span class='ocrx_word' id='word_1_290' title='bbox 883 2358 984 2414; x_wconf 86' lang='lat' dir='ltr'>adhor-</span> 
     </span>
     <span class='ocr_line' id='line_1_38' title="bbox 184 2449 984 2525; baseline -0.008 -15"><span class='ocrx_word' id='word_1_291' title='bbox 184 2454 264 2523; x_wconf 88' lang='lat' dir='ltr'>tatio,</span> <span class='ocrx_word' id='word_1_292' title='bbox 278 2454 346 2510; x_wconf 88' lang='lat' dir='ltr'>nibil</span> <span class='ocrx_word' id='word_1_293' title='bbox 359 2453 541 2525; x_wconf 85' lang='lat' dir='ltr'>ambiguitatis</span> <span class='ocrx_word' id='word_1_294' title='bbox 555 2451 721 2523; x_wconf 81' lang='lat' dir='ltr'>relinquunt:</span> <span class='ocrx_word' id='word_1_295' title='bbox 737 2465 798 2506; x_wconf 87' lang='lat' dir='ltr'>eum</span> <span class='ocrx_word' id='word_1_296' title='bbox 812 2449 920 2521; x_wconf 82' lang='lat' dir='ltr'>quaudo</span> <span class='ocrx_word' id='word_1_297' title='bbox 944 2449 984 2522; x_wconf 68' lang='lat' dir='ltr'>(t)</span> 
     </span>
     <span class='ocr_line' id='line_1_39' title="bbox 183 2544 985 2622; baseline -0.005 -19"><span class='ocrx_word' id='word_1_298' title='bbox 183 2562 234 2619; x_wconf 85' lang='lat' dir='ltr'>per</span> <span class='ocrx_word' id='word_1_299' title='bbox 249 2561 358 2617; x_wconf 87' lang='lat' dir='ltr'>precem</span> <span class='ocrx_word' id='word_1_300' title='bbox 372 2544 410 2622; x_wconf 84' lang='grc' dir='ltr'>(ι)</span> <span class='ocrx_word' id='word_1_301' title='bbox 425 2546 453 2602; x_wconf 89' lang='lat' dir='ltr'>in</span> <span class='ocrx_word' id='word_1_302' title='bbox 466 2544 583 2612; x_wconf 84' lang='lat' dir='ltr'>loanne,</span> <span class='ocrx_word' id='word_1_303' title='bbox 598 2561 650 2616; x_wconf 84' lang='lat' dir='ltr'>qun</span> <span class='ocrx_word' id='word_1_304' title='bbox 665 2544 740 2601; x_wconf 85' lang='lat' dir='ltr'>Patri</span> <span class='ocrx_word' id='word_1_305' title='bbox 755 2544 893 2616; x_wconf 88' lang='lat' dir='ltr'>apostolos</span> <span class='ocrx_word' id='word_1_306' title='bbox 909 2559 985 2600; x_wconf 88' lang='lat' dir='ltr'>com·</span> 
     </span>
     <span class='ocr_line' id='line_1_40' title="bbox 184 2636 984 2704; baseline -0.003 -9"><span class='ocrx_word' id='word_1_307' title='bbox 184 2637 306 2704; x_wconf 80' lang='lat' dir='ltr'>mundat,</span> <span class='ocrx_word' id='word_1_308' title='bbox 324 2649 352 2695; x_wconf 92' lang='lat' dir='ltr'>et</span> <span class='ocrx_word' id='word_1_309' title='bbox 373 2637 490 2694; x_wconf 75' lang='lat' dir='ltr'>tristitiae</span> <span class='ocrx_word' id='word_1_310' title='bbox 510 2650 591 2693; x_wconf 86' lang='lat' dir='ltr'>causa</span> <span class='ocrx_word' id='word_1_311' title='bbox 616 2644 645 2693; x_wconf 90' lang='lat' dir='ltr'>et</span> <span class='ocrx_word' id='word_1_312' title='bbox 657 2636 815 2692; x_wconf 86' lang='lat' dir='ltr'>transeundi</span> <span class='ocrx_word' id='word_1_313' title='bbox 829 2636 921 2693; x_wconf 90' lang='lat' dir='ltr'>calicis</span> <span class='ocrx_word' id='word_1_314' title='bbox 934 2636 984 2693; x_wconf 86' lang='lat' dir='ltr'>de·</span> 
     </span>
     <span class='ocr_line' id='line_1_41' title="bbox 184 2730 985 2805; baseline -0.004 -16"><span class='ocrx_word' id='word_1_315' title='bbox 184 2733 308 2805; x_wconf 90' lang='lat' dir='ltr'>precatio</span> <span class='ocrx_word' id='word_1_316' title='bbox 322 2732 446 2789; x_wconf 87' lang='lat' dir='ltr'>absoluta</span> <span class='ocrx_word' id='word_1_317' title='bbox 462 2731 518 2797; x_wconf 88' lang='lat' dir='ltr'>sit;</span> <span class='ocrx_word' id='word_1_318' title='bbox 535 2746 589 2786; x_wconf 93' lang='lat' dir='ltr'>non</span> <span class='ocrx_word' id='word_1_319' title='bbox 604 2746 619 2787; x_wconf 93' lang='lat' dir='ltr'>a</span> <span class='ocrx_word' id='word_1_320' title='bbox 633 2745 664 2786; x_wconf 87' lang='lat' dir='ltr'>se</span> <span class='ocrx_word' id='word_1_321' title='bbox 687 2732 841 2801; x_wconf 87' lang='lat' dir='ltr'>passionom</span> <span class='ocrx_word' id='word_1_322' title='bbox 862 2730 985 2788; x_wconf 82' lang='lat' dir='ltr'>amoueri</span> 
     </span>
     <span class='ocr_line' id='line_1_42' title="bbox 185 2824 986 2897; baseline -0.005 -13"><span class='ocrx_word' id='word_1_323' title='bbox 185 2826 302 2885; x_wconf 86' lang='lat' dir='ltr'>Domino</span> <span class='ocrx_word' id='word_1_324' title='bbox 316 2826 491 2897; x_wconf 87' lang='lat' dir='ltr'>deprecante,</span> <span class='ocrx_word' id='word_1_325' title='bbox 503 2824 552 2880; x_wconf 88' lang='lat' dir='ltr'>sod</span> <span class='ocrx_word' id='word_1_326' title='bbox 563 2824 671 2880; x_wconf 88' lang='lat' dir='ltr'>Patrem</span> <span class='ocrx_word' id='word_1_327' title='bbox 686 2832 715 2879; x_wconf 94' lang='lat' dir='ltr'>ut</span> <span class='ocrx_word' id='word_1_328' title='bbox 728 2824 869 2896; x_wconf 87' lang='lat' dir='ltr'>apostolos</span> <span class='ocrx_word' id='word_1_329' title='bbox 882 2838 912 2879; x_wconf 89' lang='grc' dir='ltr'>εε</span> <span class='ocrx_word' id='word_1_330' title='bbox 927 2840 986 2894; x_wconf 88' lang='lat' dir='ltr'>pas·</span> 
     </span>
     <span class='ocr_line' id='line_1_43' title="bbox 183 2916 986 2990; baseline -0.004 -14"><span class='ocrx_word' id='word_1_331' title='bbox 183 2934 251 2977; x_wconf 92' lang='lat' dir='ltr'>suro</span> <span class='ocrx_word' id='word_1_332' title='bbox 267 2927 373 2976; x_wconf 90' lang='lat' dir='ltr'>tueatur</span> <span class='ocrx_word' id='word_1_333' title='bbox 386 2927 497 2975; x_wconf 84' lang='lat' dir='ltr'>orartte:</span> <span class='ocrx_word' id='word_1_334' title='bbox 520 2927 547 2973; x_wconf 90' lang='lat' dir='ltr'>et</span> <span class='ocrx_word' id='word_1_335' title='bbox 559 2932 610 2990; x_wconf 91' lang='lat' dir='ltr'>per</span> <span class='ocrx_word' id='word_1_336' title='bbox 620 2917 721 2973; x_wconf 84' lang='lat' dir='ltr'>Lucam</span> <span class='ocrx_word' id='word_1_337' title='bbox 734 2926 842 2973; x_wconf 87' lang='lat' dir='ltr'>ostensa</span> <span class='ocrx_word' id='word_1_338' title='bbox 854 2916 986 2973; x_wconf 82' lang='lat' dir='ltr'>adsersus</span> 
     </span>
     <span class='ocr_line' id='line_1_44' title="bbox 184 3010 986 3087; baseline -0.001 -17"><span class='ocrx_word' id='word_1_339' title='bbox 184 3013 326 3071; x_wconf 89' lang='lat' dir='ltr'>diabolum</span> <span class='ocrx_word' id='word_1_340' title='bbox 341 3028 434 3087; x_wconf 88' lang='lat' dir='ltr'>prece,</span> <span class='ocrx_word' id='word_1_341' title='bbox 456 3012 514 3085; x_wconf 86' lang='lat' dir='ltr'>jam</span> <span class='ocrx_word' id='word_1_342' title='bbox 534 3011 568 3069; x_wconf 83' lang='lat' dir='ltr'>tle</span> <span class='ocrx_word' id='word_1_343' title='bbox 582 3010 679 3068; x_wconf 83' lang='lat' dir='ltr'>nauata</span> <span class='ocrx_word' id='word_1_344' title='bbox 704 3011 779 3068; x_wconf 90' lang='lat' dir='ltr'>retiti</span> <span class='ocrx_word' id='word_1_345' title='bbox 795 3020 874 3069; x_wconf 90' lang='lat' dir='ltr'>autea</span> <span class='ocrx_word' id='word_1_346' title='bbox 898 3012 986 3069; x_wconf 92' lang='lat' dir='ltr'>somui</span> 
     </span>
     <span class='ocr_line' id='line_1_45' title="bbox 184 3105 932 3180; baseline -0.007 -15"><span class='ocrx_word' id='word_1_347' title='bbox 184 3121 284 3165; x_wconf 77' lang='lat' dir='ltr'>secura</span> <span class='ocrx_word' id='word_1_348' title='bbox 298 3107 442 3180; x_wconf 85' lang='lat' dir='ltr'>permissio</span> <span class='ocrx_word' id='word_1_349' title='bbox 457 3105 503 3163; x_wconf 90' lang='lat' dir='ltr'>sit.</span> <span class='ocrx_word' id='word_1_350' title='bbox 923 3111 932 3131; x_wconf 83' lang='lat'><em>⁶</em></span> 
     </span>
    </p>
   </div>
   <div class='ocr_carea' id='block_1_9' title="bbox 1036 1890 1839 3182">
    <p class='ocr_par' dir='ltr' id='par_1_10' title="bbox 1036 1890 1822 1961">
     <span class='ocr_line' id='line_1_46' title="bbox 1036 1890 1822 1961; baseline -0.001 -14"><span class='ocrx_word' id='word_1_351' title='bbox 1036 1891 1101 1947; x_wconf 91' lang='lat' dir='ltr'>dum</span> <span class='ocrx_word' id='word_1_352' title='bbox 1116 1891 1251 1957; x_wconf 87' lang='lat' dir='ltr'>nescium,</span> <span class='ocrx_word' id='word_1_353' title='bbox 1274 1891 1345 1961; x_wconf 88' lang='lat' dir='ltr'>quod</span> <span class='ocrx_word' id='word_1_354' title='bbox 1358 1901 1385 1946; x_wconf 92' lang='lat' dir='ltr'>et</span> <span class='ocrx_word' id='word_1_355' title='bbox 1398 1890 1484 1947; x_wconf 91' lang='lat' dir='ltr'>doleri</span> <span class='ocrx_word' id='word_1_356' title='bbox 1499 1906 1610 1948; x_wconf 89' lang='lat' dir='ltr'>necesse</span> <span class='ocrx_word' id='word_1_357' title='bbox 1623 1901 1666 1949; x_wconf 89' lang='lat' dir='ltr'>est</span> <span class='ocrx_word' id='word_1_358' title='bbox 1679 1900 1707 1948; x_wconf 92' lang='lat' dir='ltr'>et</span> <span class='ocrx_word' id='word_1_359' title='bbox 1722 1890 1822 1948; x_wconf 89' lang='lat' dir='ltr'>timeri.</span> 
     </span>
    </p>

    <p class='ocr_par' dir='ltr' id='par_1_11' title="bbox 1036 1983 1839 3182">
     <span class='ocr_line' id='line_1_47' title="bbox 1073 1983 1837 2058; baseline -0.001 -16"><span class='ocrx_word' id='word_1_360' title='bbox 1073 1985 1118 2042; x_wconf 80' lang='lat' dir='ltr'>ta.</span> <span class='ocrx_word' id='word_1_361' title='bbox 1139 1983 1204 2039; x_wconf 83' lang='lat' dir='ltr'>Tres</span> <span class='ocrx_word' id='word_1_362' title='bbox 1229 1985 1303 2054; x_wconf 88' lang='lat' dir='ltr'>pueri</span> <span class='ocrx_word' id='word_1_363' title='bbox 1316 1983 1439 2056; x_wconf 69' lang='lat' dir='ltr'>[lauturus</span> <span class='ocrx_word' id='word_1_364' title='bbox 1455 2001 1505 2041; x_wconf 86' lang='lat' dir='ltr'>aaa</span> <span class='ocrx_word' id='word_1_365' title='bbox 1527 1987 1627 2042; x_wconf 87' lang='lat' dir='ltr'>timent.</span> <span class='ocrx_word' id='word_1_366' title='bbox 1648 1984 1734 2041; x_wconf 81' lang='lat' dir='ltr'>liutto</span> <span class='ocrx_word' id='word_1_367' title='bbox 1754 1986 1837 2058; x_wconf 80' lang='lat' dir='ltr'>magis</span> 
     </span>
     <span class='ocr_line' id='line_1_48' title="bbox 1037 2075 1839 2150; baseline 0.004 -19"><span class='ocrx_word' id='word_1_368' title='bbox 1037 2075 1166 2132; x_wconf 74' lang='lat' dir='ltr'>cbristus.</span> <span class='ocrx_word' id='word_1_369' title='bbox 1183 2106 1218 2120; x_wconf 87' lang='lat'>—-</span> <span class='ocrx_word' id='word_1_370' title='bbox 1230 2079 1328 2147; x_wconf 80' lang='lat' dir='ltr'>Quare</span> <span class='ocrx_word' id='word_1_371' title='bbox 1338 2078 1413 2134; x_wconf 91' lang='lat' dir='ltr'>enim</span> <span class='ocrx_word' id='word_1_372' title='bbox 1429 2092 1462 2133; x_wconf 88' lang='lat' dir='ltr'>ao</span> <span class='ocrx_word' id='word_1_373' title='bbox 1477 2086 1569 2150; x_wconf 88' lang='lat' dir='ltr'>pastas</span> <span class='ocrx_word' id='word_1_374' title='bbox 1582 2078 1616 2135; x_wconf 89' lang='lat' dir='ltr'>ad</span> <span class='ocrx_word' id='word_1_375' title='bbox 1631 2077 1752 2134; x_wconf 82' lang='lat' dir='ltr'>inruente</span> <span class='ocrx_word' id='word_1_376' title='bbox 1765 2093 1839 2134; x_wconf 87' lang='lat' dir='ltr'>esae-</span> 
     </span>
     <span class='ocr_line' id='line_1_49' title="bbox 1036 2171 1835 2245; baseline 0.003 -20"><span class='ocrx_word' id='word_1_377' title='bbox 1036 2171 1143 2227; x_wconf 87' lang='lat' dir='ltr'>stuaudi</span> <span class='ocrx_word' id='word_1_378' title='bbox 1159 2171 1314 2245; x_wconf 73' lang='lat' dir='ltr'>babyloniae</span> <span class='ocrx_word' id='word_1_379' title='bbox 1336 2172 1458 2229; x_wconf 86' lang='lat' dir='ltr'>lortraeis</span> <span class='ocrx_word' id='word_1_380' title='bbox 1473 2171 1739 2228; x_wconf 82' lang='lat' dir='ltr'>ttamauslsraettru</span> <span class='ocrx_word' id='word_1_381' title='bbox 1760 2172 1835 2243; x_wconf 88' lang='lat' dir='ltr'>pueri</span> 
     </span>
     <span class='ocr_line' id='line_1_50' title="bbox 1038 2264 1837 2340; baseline 0.003 -21"><span class='ocrx_word' id='word_1_382' title='bbox 1038 2264 1188 2332; x_wconf 91' lang='lat' dir='ltr'>timuerint,</span> <span class='ocrx_word' id='word_1_383' title='bbox 1204 2274 1232 2321; x_wconf 89' lang='lat' dir='ltr'>et</span> <span class='ocrx_word' id='word_1_384' title='bbox 1243 2276 1332 2321; x_wconf 87' lang='lat' dir='ltr'>utrtnn</span> <span class='ocrx_word' id='word_1_385' title='bbox 1348 2265 1376 2323; x_wconf 90' lang='lat' dir='ltr'>iu</span> <span class='ocrx_word' id='word_1_386' title='bbox 1391 2266 1457 2322; x_wconf 91' lang='lat' dir='ltr'>illud</span> <span class='ocrx_word' id='word_1_387' title='bbox 1473 2265 1507 2340; x_wconf 71' lang='lat' dir='ltr'>(s)</span> <span class='ocrx_word' id='word_1_388' title='bbox 1530 2273 1631 2323; x_wconf 83' lang='lat' dir='ltr'>trostrae</span> <span class='ocrx_word' id='word_1_389' title='bbox 1650 2266 1837 2338; x_wconf 87' lang='lat' dir='ltr'>conceptionis</span> 
     </span>
     <span class='ocr_line' id='line_1_51' title="bbox 1038 2359 1835 2434; baseline 0.001 -20"><span class='ocrx_word' id='word_1_390' title='bbox 1038 2372 1137 2429; x_wconf 86' lang='lat' dir='ltr'>corpus</span> <span class='ocrx_word' id='word_1_391' title='bbox 1158 2368 1246 2416; x_wconf 87' lang='lat' dir='ltr'>metus</span> <span class='ocrx_word' id='word_1_392' title='bbox 1267 2361 1335 2416; x_wconf 89' lang='lat' dir='ltr'>tanti</span> <span class='ocrx_word' id='word_1_393' title='bbox 1360 2361 1429 2433; x_wconf 86' lang='lat' dir='ltr'>ignis</span> <span class='ocrx_word' id='word_1_394' title='bbox 1457 2361 1599 2419; x_wconf 87' lang='lat' dir='ltr'>incesserit</span> <span class='ocrx_word' id='word_1_395' title='bbox 1627 2359 1709 2434; x_wconf 75' lang='lat' dir='ltr'>(ban.</span> <span class='ocrx_word' id='word_1_396' title='bbox 1722 2376 1763 2425; x_wconf 89' lang='grc' dir='ltr'>ιιι,</span> <span class='ocrx_word' id='word_1_397' title='bbox 1777 2359 1835 2431; x_wconf 74' lang='lat'>25).</span> 
     </span>
     <span class='ocr_line' id='line_1_52' title="bbox 1036 2449 1836 2529; baseline 0.006 -22"><span class='ocrx_word' id='word_1_398' title='bbox 1036 2449 1135 2518; x_wconf 78' lang='lat' dir='ltr'>Quaero</span> <span class='ocrx_word' id='word_1_399' title='bbox 1149 2455 1241 2521; x_wconf 90' lang='lat' dir='ltr'>etiam,</span> <span class='ocrx_word' id='word_1_400' title='bbox 1265 2469 1300 2509; x_wconf 90' lang='lat' dir='ltr'>an</span> <span class='ocrx_word' id='word_1_401' title='bbox 1320 2451 1361 2528; x_wconf 79' lang='lat' dir='ltr'>(b)</span> <span class='ocrx_word' id='word_1_402' title='bbox 1385 2455 1587 2511; x_wconf 76' lang='lat' dir='ltr'>circumambiri</span> <span class='ocrx_word' id='word_1_403' title='bbox 1611 2454 1651 2529; x_wconf 81' lang='lat' dir='ltr'>(pl</span> <span class='ocrx_word' id='word_1_404' title='bbox 1669 2468 1700 2511; x_wconf 90' lang='lat' dir='ltr'>se</span> <span class='ocrx_word' id='word_1_405' title='bbox 1717 2453 1836 2512; x_wconf 83' lang='lat' dir='ltr'>ilatumis</span> 
     </span>
     <span class='ocr_line' id='line_1_53' title="bbox 1037 2531 1837 2618; baseline 0.003 -14"><span class='ocrx_word' id='word_1_406' title='bbox 1037 2547 1184 2604; x_wconf 78' lang='lat' dir='ltr'>doluerint.</span> <span class='ocrx_word' id='word_1_407' title='bbox 1199 2547 1253 2604; x_wconf 83' lang='lat' dir='ltr'>Sed</span> <span class='ocrx_word' id='word_1_408' title='bbox 1265 2547 1335 2603; x_wconf 88' lang='lat' dir='ltr'>iorte</span> <span class='ocrx_word' id='word_1_409' title='bbox 1348 2547 1458 2614; x_wconf 88' lang='lat' dir='ltr'>idcireo,</span> <span class='ocrx_word' id='word_1_410' title='bbox 1474 2546 1534 2618; x_wconf 86' lang='lat' dir='ltr'>quia</span> <span class='ocrx_word' id='word_1_411' title='bbox 1549 2563 1601 2603; x_wconf 92' lang='lat' dir='ltr'>non</span> <span class='ocrx_word' id='word_1_412' title='bbox 1616 2548 1670 2603; x_wconf 90' lang='lat' dir='ltr'>usti</span> <span class='ocrx_word' id='word_1_413' title='bbox 1684 2531 1757 2615; x_wconf 79' lang='lat' dir='ltr'>suut,</span> <span class='ocrx_word' id='word_1_414' title='bbox 1770 2549 1837 2605; x_wconf 88' lang='lat' dir='ltr'>nibil</span> 
     </span>
     <span class='ocr_line' id='line_1_54' title="bbox 1037 2639 1837 2710; baseline 0 -13"><span class='ocrx_word' id='word_1_415' title='bbox 1037 2640 1168 2707; x_wconf 81' lang='lat' dir='ltr'>doleant;</span> <span class='ocrx_word' id='word_1_416' title='bbox 1201 2651 1228 2697; x_wconf 94' lang='grc' dir='ltr'>ει</span> <span class='ocrx_word' id='word_1_417' title='bbox 1241 2648 1298 2696; x_wconf 88' lang='lat' dir='ltr'>tuor</span> <span class='ocrx_word' id='word_1_418' title='bbox 1312 2639 1413 2698; x_wconf 72' lang='lat' dir='ltr'>:nituisse</span> <span class='ocrx_word' id='word_1_419' title='bbox 1428 2640 1534 2710; x_wconf 86' lang='lat' dir='ltr'>ignibus</span> <span class='ocrx_word' id='word_1_420' title='bbox 1548 2649 1643 2697; x_wconf 87' lang='lat' dir='ltr'>natura</span> <span class='ocrx_word' id='word_1_421' title='bbox 1657 2641 1754 2697; x_wconf 93' lang='lat' dir='ltr'>urendi</span> <span class='ocrx_word' id='word_1_422' title='bbox 1777 2643 1837 2697; x_wconf 82' lang='lat' dir='ltr'>exi·</span> 
     </span>
     <span class='ocr_line' id='line_1_55' title="bbox 1038 2735 1837 2806; baseline 0 -14"><span class='ocrx_word' id='word_1_423' title='bbox 1038 2735 1201 2792; x_wconf 90' lang='lat' dir='ltr'>stimabitur.</span> <span class='ocrx_word' id='word_1_424' title='bbox 1221 2735 1302 2792; x_wconf 84' lang='lat' dir='ltr'>Certe</span> <span class='ocrx_word' id='word_1_425' title='bbox 1313 2735 1371 2791; x_wconf 89' lang='lat' dir='ltr'>baec</span> <span class='ocrx_word' id='word_1_426' title='bbox 1384 2744 1479 2792; x_wconf 89' lang='lat' dir='ltr'>natura</span> <span class='ocrx_word' id='word_1_427' title='bbox 1493 2736 1617 2806; x_wconf 90' lang='lat' dir='ltr'>corporis</span> <span class='ocrx_word' id='word_1_428' title='bbox 1631 2745 1701 2804; x_wconf 89' lang='lat' dir='ltr'>erat,</span> <span class='ocrx_word' id='word_1_429' title='bbox 1713 2746 1744 2792; x_wconf 94' lang='lat' dir='ltr'>ut</span> <span class='ocrx_word' id='word_1_430' title='bbox 1755 2746 1783 2792; x_wconf 92' lang='lat' dir='ltr'>et</span> <span class='ocrx_word' id='word_1_431' title='bbox 1795 2738 1837 2793; x_wconf 92' lang='lat' dir='ltr'>ttri</span> 
     </span>
     <span class='ocr_line' id='line_1_56' title="bbox 1037 2827 1838 2899; baseline 0 -14"><span class='ocrx_word' id='word_1_432' title='bbox 1037 2843 1069 2886; x_wconf 91' lang='lat' dir='ltr'>se</span> <span class='ocrx_word' id='word_1_433' title='bbox 1084 2829 1205 2894; x_wconf 90' lang='lat' dir='ltr'>timeret,</span> <span class='ocrx_word' id='word_1_434' title='bbox 1221 2838 1249 2885; x_wconf 89' lang='grc' dir='ltr'>ει</span> <span class='ocrx_word' id='word_1_435' title='bbox 1261 2837 1354 2898; x_wconf 86' lang='lat' dir='ltr'>posset</span> <span class='ocrx_word' id='word_1_436' title='bbox 1366 2829 1420 2884; x_wconf 88' lang='lat' dir='ltr'>uri.</span> <span class='ocrx_word' id='word_1_437' title='bbox 1438 2828 1516 2897; x_wconf 79' lang='lat' dir='ltr'>erod</span> <span class='ocrx_word' id='word_1_438' title='bbox 1535 2828 1557 2884; x_wconf 89' lang='lat' dir='ltr'>si</span> <span class='ocrx_word' id='word_1_439' title='bbox 1573 2828 1759 2899; x_wconf 90' lang='lat' dir='ltr'>perspiritum</span> <span class='ocrx_word' id='word_1_440' title='bbox 1774 2827 1838 2885; x_wconf 88' lang='lat' dir='ltr'>tidei</span> 
     </span>
     <span class='ocr_line' id='line_1_57' title="bbox 1039 2921 1837 2994; baseline -0.003 -15"><span class='ocrx_word' id='word_1_441' title='bbox 1039 2932 1148 2981; x_wconf 87' lang='lat' dir='ltr'>terrena</span> <span class='ocrx_word' id='word_1_442' title='bbox 1162 2938 1289 2994; x_wconf 89' lang='lat' dir='ltr'>corpora,</span> <span class='ocrx_word' id='word_1_443' title='bbox 1302 2922 1328 2978; x_wconf 89' lang='lat' dir='ltr'>id</span> <span class='ocrx_word' id='word_1_444' title='bbox 1341 2933 1403 2990; x_wconf 90' lang='grc' dir='ltr'>εει,</span> <span class='ocrx_word' id='word_1_445' title='bbox 1425 2923 1574 2980; x_wconf 89' lang='lat' dir='ltr'>seeundum</span> <span class='ocrx_word' id='word_1_446' title='bbox 1590 2921 1727 2979; x_wconf 87' lang='lat' dir='ltr'>elcareota</span> <span class='ocrx_word' id='word_1_447' title='bbox 1742 2935 1837 2978; x_wconf 91' lang='lat' dir='ltr'>causa-</span> 
     </span>
     <span class='ocr_line' id='line_1_58' title="bbox 1039 3017 1839 3089; baseline -0.004 -15"><span class='ocrx_word' id='word_1_448' title='bbox 1039 3033 1098 3074; x_wconf 89' lang='lat' dir='ltr'>rum</span> <span class='ocrx_word' id='word_1_449' title='bbox 1113 3018 1299 3074; x_wconf 88' lang='lat' dir='ltr'>communium</span> <span class='ocrx_word' id='word_1_450' title='bbox 1315 3017 1432 3083; x_wconf 87' lang='lat' dir='ltr'>initiata,</span> <span class='ocrx_word' id='word_1_451' title='bbox 1455 3032 1543 3089; x_wconf 79' lang='lat' dir='ltr'>neque</span> <span class='ocrx_word' id='word_1_452' title='bbox 1556 3017 1597 3073; x_wconf 92' lang='lat' dir='ltr'>uri</span> <span class='ocrx_word' id='word_1_453' title='bbox 1612 3022 1767 3087; x_wconf 89' lang='lat' dir='ltr'>potnerunt,</span> <span class='ocrx_word' id='word_1_454' title='bbox 1788 3029 1839 3071; x_wconf 88' lang='lat' dir='ltr'>occ</span> 
     </span>
     <span class='ocr_line' id='line_1_59' title="bbox 1038 3107 1838 3182; baseline -0.008 -15"><span class='ocrx_word' id='word_1_455' title='bbox 1038 3112 1152 3167; x_wconf 85' lang='lat' dir='ltr'>timere:</span> <span class='ocrx_word' id='word_1_456' title='bbox 1175 3126 1235 3182; x_wconf 82' lang='lat' dir='ltr'>qum</span> <span class='ocrx_word' id='word_1_457' title='bbox 1256 3126 1321 3182; x_wconf 91' lang='lat' dir='ltr'>ergo</span> <span class='ocrx_word' id='word_1_458' title='bbox 1345 3125 1393 3179; x_wconf 90' lang='lat' dir='ltr'>per</span> <span class='ocrx_word' id='word_1_459' title='bbox 1407 3108 1488 3166; x_wconf 86' lang='lat' dir='ltr'>fldem</span> <span class='ocrx_word' id='word_1_460' title='bbox 1506 3108 1552 3165; x_wconf 85' lang='lat' dir='ltr'>bei</span> <span class='ocrx_word' id='word_1_461' title='bbox 1575 3109 1602 3164; x_wconf 92' lang='lat' dir='ltr'>in</span> <span class='ocrx_word' id='word_1_462' title='bbox 1613 3107 1724 3164; x_wconf 88' lang='lat' dir='ltr'>bomine</span> <span class='ocrx_word' id='word_1_463' title='bbox 1744 3116 1838 3164; x_wconf 91' lang='lat' dir='ltr'>contra</span> 
     </span>
    </p>
   </div>
   <div class='ocr_carea' id='block_1_10' title="bbox 221 3181 1839 3276">
    <p class='ocr_par' dir='ltr' id='par_1_12' title="bbox 221 3181 1839 3276">
     <span class='ocr_line' id='line_1_60' title="bbox 221 3181 1839 3276; baseline -0.001 -20"><span class='ocrx_word' id='word_1_464' title='bbox 221 3199 268 3256; x_wconf 80' lang='lat' dir='ltr'>tt.</span> <span class='ocrx_word' id='word_1_465' title='bbox 284 3199 402 3256; x_wconf 72' lang='lat' dir='ltr'>ciuiuus</span> <span class='ocrx_word' id='word_1_466' title='bbox 414 3200 446 3256; x_wconf 93' lang='lat' dir='ltr'>ab</span> <span class='ocrx_word' id='word_1_467' title='bbox 458 3199 577 3255; x_wconf 84' lang='lat' dir='ltr'>lrunraais</span> <span class='ocrx_word' id='word_1_468' title='bbox 588 3200 656 3255; x_wconf 82' lang='lat' dir='ltr'>titiis</span> <span class='ocrx_word' id='word_1_469' title='bbox 668 3198 741 3254; x_wconf 88' lang='lat' dir='ltr'>liber.</span> <span class='ocrx_word' id='word_1_470' title='bbox 757 3197 855 3255; x_wconf 86' lang='lat' dir='ltr'>Sensus</span> <span class='ocrx_word' id='word_1_471' title='bbox 867 3199 985 3255; x_wconf 77' lang='lat' dir='ltr'>uade-</span> <span class='ocrx_word' id='word_1_472' title='bbox 999 3181 1022 3246; x_wconf 78' lang='lat' dir='ltr'>C</span> <span class='ocrx_word' id='word_1_473' title='bbox 1040 3212 1163 3260; x_wconf 87' lang='lat' dir='ltr'>naturam</span> <span class='ocrx_word' id='word_1_474' title='bbox 1179 3211 1253 3269; x_wconf 90' lang='lat' dir='ltr'>sunt,</span> <span class='ocrx_word' id='word_1_475' title='bbox 1265 3217 1296 3259; x_wconf 92' lang='lat' dir='ltr'>ea</span> <span class='ocrx_word' id='word_1_476' title='bbox 1308 3201 1347 3276; x_wconf 81' lang='grc' dir='ltr'>(Ιι)</span> <span class='ocrx_word' id='word_1_477' title='bbox 1359 3203 1385 3257; x_wconf 94' lang='lat' dir='ltr'>in</span> <span class='ocrx_word' id='word_1_478' title='bbox 1398 3202 1453 3258; x_wconf 89' lang='lat' dir='ltr'>beo</span> <span class='ocrx_word' id='word_1_479' title='bbox 1466 3201 1614 3257; x_wconf 91' lang='lat' dir='ltr'>secundum</span> <span class='ocrx_word' id='word_1_480' title='bbox 1630 3199 1754 3256; x_wconf 89' lang='lat' dir='ltr'>uirtutem</span> <span class='ocrx_word' id='word_1_481' title='bbox 1774 3197 1839 3269; x_wconf 90' lang='lat' dir='ltr'>Spi-</span> 
     </span>
    </p>
   </div>
   <div class='ocr_carea' id='block_1_11' title="bbox 184 3293 988 3369">
    <p class='ocr_par' dir='ltr' id='par_1_13' title="bbox 184 3293 988 3369">
     <span class='ocr_line' id='line_1_61' title="bbox 184 3293 988 3369; baseline -0.002 -15"><span class='ocrx_word' id='word_1_482' title='bbox 184 3295 244 3354; x_wconf 85' lang='lat' dir='ltr'>Nou</span> <span class='ocrx_word' id='word_1_483' title='bbox 255 3305 298 3354; x_wconf 91' lang='lat' dir='ltr'>est</span> <span class='ocrx_word' id='word_1_484' title='bbox 317 3295 408 3368; x_wconf 88' lang='lat' dir='ltr'>itaque</span> <span class='ocrx_word' id='word_1_485' title='bbox 425 3296 453 3351; x_wconf 90' lang='lat' dir='ltr'>iu</span> <span class='ocrx_word' id='word_1_486' title='bbox 466 3309 498 3352; x_wconf 91' lang='lat' dir='ltr'>ea</span> <span class='ocrx_word' id='word_1_487' title='bbox 510 3302 616 3364; x_wconf 89' lang='lat' dir='ltr'>natura,</span> <span class='ocrx_word' id='word_1_488' title='bbox 630 3309 689 3367; x_wconf 83' lang='lat' dir='ltr'>quae</span> <span class='ocrx_word' id='word_1_489' title='bbox 704 3310 784 3368; x_wconf 78' lang='lat' dir='ltr'>supra</span> <span class='ocrx_word' id='word_1_490' title='bbox 799 3293 881 3369; x_wconf 74' lang='lat'>352</span> <span class='ocrx_word' id='word_1_491' title='bbox 901 3294 988 3352; x_wconf 82' lang='lat' dir='ltr'>bortri-</span> 
     </span>
    </p>
   </div>
   <div class='ocr_carea' id='block_1_12' title="bbox 223 3432 600 3579">
    <p class='ocr_par' dir='ltr' id='par_1_14' title="bbox 223 3432 600 3579">
     <span class='ocr_line' id='line_1_62' title="bbox 223 3432 513 3505; baseline -0.017 -15"><span class='ocrx_word' id='word_1_492' title='bbox 223 3432 247 3505; x_wconf 87' lang='lat' dir='ltr'>(l</span> <span class='ocrx_word' id='word_1_493' title='bbox 283 3432 326 3487; x_wconf 80' lang='lat' dir='ltr'>Ea</span> <span class='ocrx_word' id='word_1_494' title='bbox 340 3433 379 3488; x_wconf 86' lang='lat' dir='ltr'>bis</span> <span class='ocrx_word' id='word_1_495' title='bbox 392 3433 513 3504; x_wconf 82' lang='lat' dir='ltr'>aliquem.</span> 
     </span>
     <span class='ocr_line' id='line_1_63' title="bbox 223 3434 600 3579; baseline -0.003 -19"><span class='ocrx_word' id='word_1_496' title='bbox 223 3434 264 3579; x_wconf 60' lang='lat' dir='ltr'>(ii</span> <span class='ocrx_word' id='word_1_497' title='bbox 284 3505 336 3561; x_wconf 84' lang='lat' dir='ltr'>Per</span> <span class='ocrx_word' id='word_1_498' title='bbox 348 3520 449 3578; x_wconf 86' lang='lat' dir='ltr'>precem</span> <span class='ocrx_word' id='word_1_499' title='bbox 464 3503 600 3559; x_wconf 88' lang='lat' dir='ltr'>lobamtis.</span> 
     </span>
    </p>
   </div>
   <div class='ocr_carea' id='block_1_13' title="bbox 223 3618 985 3696">
    <p class='ocr_par' dir='ltr' id='par_1_15' title="bbox 223 3618 985 3696">
     <span class='ocr_line' id='line_1_64' title="bbox 223 3618 985 3696; baseline -0.003 -20"><span class='ocrx_word' id='word_1_500' title='bbox 223 3620 263 3696; x_wconf 88' lang='grc' dir='ltr'>(ι)</span> <span class='ocrx_word' id='word_1_501' title='bbox 278 3622 307 3678; x_wconf 89' lang='lat' dir='ltr'>ln</span> <span class='ocrx_word' id='word_1_502' title='bbox 330 3618 491 3693; x_wconf 83' lang='lat' dir='ltr'>quibusdam</span> <span class='ocrx_word' id='word_1_503' title='bbox 517 3618 716 3676; x_wconf 88' lang='lat' dir='ltr'>recentioribus</span> <span class='ocrx_word' id='word_1_504' title='bbox 737 3631 803 3674; x_wconf 87' lang='lat' dir='ltr'>mss.</span> <span class='ocrx_word' id='word_1_505' title='bbox 819 3619 985 3692; x_wconf 81' lang='lat' dir='ltr'>prescientia</span> 
     </span>
    </p>
   </div>
   <div class='ocr_carea' id='block_1_14' title="bbox 186 3703 983 3838">
    <p class='ocr_par' dir='ltr' id='par_1_16' title="bbox 186 3703 983 3838">
     <span class='ocr_line' id='line_1_65' title="bbox 186 3703 983 3838; baseline -0.01 -17"><span class='ocrx_word' id='word_1_506' title='bbox 186 3703 263 3838; x_wconf 57' lang='lat' dir='ltr'>mibi</span> <span class='ocrx_word' id='word_1_507' title='bbox 279 3764 328 3822; x_wconf 89' lang='lat' dir='ltr'>llio</span> <span class='ocrx_word' id='word_1_508' title='bbox 349 3762 456 3835; x_wconf 83' lang='lat' dir='ltr'>phrasis</span> <span class='ocrx_word' id='word_1_509' title='bbox 478 3773 519 3818; x_wconf 89' lang='lat' dir='ltr'>est</span> <span class='ocrx_word' id='word_1_510' title='bbox 535 3775 621 3829; x_wconf 74' lang='lat' dir='ltr'>graeca</span> <span class='ocrx_word' id='word_1_511' title='bbox 647 3761 681 3816; x_wconf 88' lang='lat' dir='ltr'>ad</span> <span class='ocrx_word' id='word_1_512' title='bbox 707 3761 821 3816; x_wconf 84' lang='lat' dir='ltr'>verbum</span> <span class='ocrx_word' id='word_1_513' title='bbox 835 3775 983 3829; x_wconf 82' lang='lat' dir='ltr'>expressa;</span> 
     </span>
    </p>
   </div>
   <div class='ocr_carea' id='block_1_15' title="bbox 1040 3294 1840 3369">
    <p class='ocr_par' dir='ltr' id='par_1_17' title="bbox 1040 3294 1840 3369">
     <span class='ocr_line' id='line_1_66' title="bbox 1040 3294 1840 3369; baseline -0.004 -17"><span class='ocrx_word' id='word_1_514' title='bbox 1040 3298 1109 3354; x_wconf 90' lang='lat' dir='ltr'>ritus</span> <span class='ocrx_word' id='word_1_515' title='bbox 1122 3297 1156 3355; x_wconf 89' lang='lat' dir='ltr'>ad</span> <span class='ocrx_word' id='word_1_516' title='bbox 1168 3306 1272 3353; x_wconf 80' lang='lat' dir='ltr'>natura</span> <span class='ocrx_word' id='word_1_517' title='bbox 1287 3295 1419 3369; x_wconf 85' lang='lat' dir='ltr'>originem</span> <span class='ocrx_word' id='word_1_518' title='bbox 1437 3294 1582 3362; x_wconf 85' lang='lat' dir='ltr'>inchoata,</span> <span class='ocrx_word' id='word_1_519' title='bbox 1606 3309 1660 3351; x_wconf 92' lang='lat' dir='ltr'>non</span> <span class='ocrx_word' id='word_1_520' title='bbox 1674 3302 1739 3350; x_wconf 90' lang='lat' dir='ltr'>sunt</span> <span class='ocrx_word' id='word_1_521' title='bbox 1761 3304 1840 3351; x_wconf 90' lang='lat' dir='ltr'>natu-</span> 
     </span>
    </p>
   </div>
   <div class='ocr_carea' id='block_1_16' title="bbox 1076 3432 1646 3577">
    <p class='ocr_par' dir='ltr' id='par_1_18' title="bbox 1076 3432 1646 3577">
     <span class='ocr_line' id='line_1_67' title="bbox 1080 3432 1395 3507; baseline -0.006 -18"><span class='ocrx_word' id='word_1_522' title='bbox 1080 3435 1109 3505; x_wconf 79' lang='grc'>(5</span> <span class='ocrx_word' id='word_1_523' title='bbox 1145 3432 1272 3490; x_wconf 80' lang='lat' dir='ltr'>Virtutem</span> <span class='ocrx_word' id='word_1_524' title='bbox 1283 3433 1395 3507; x_wconf 79' lang='lat' dir='ltr'>conpari.</span> 
     </span>
     <span class='ocr_line' id='line_1_68' title="bbox 1076 3504 1646 3577; baseline 0.004 -18"><span class='ocrx_word' id='word_1_525' title='bbox 1076 3505 1106 3577; x_wconf 78' lang='lat' dir='ltr'>(d</span> <span class='ocrx_word' id='word_1_526' title='bbox 1139 3504 1364 3573; x_wconf 80' lang='lat' dir='ltr'>Circumamburi,·</span> <span class='ocrx_word' id='word_1_527' title='bbox 1390 3507 1416 3560; x_wconf 90' lang='lat' dir='ltr'>itt</span> <span class='ocrx_word' id='word_1_528' title='bbox 1432 3515 1526 3563; x_wconf 88' lang='lat' dir='ltr'>nostro</span> <span class='ocrx_word' id='word_1_529' title='bbox 1541 3504 1646 3562; x_wconf 73' lang='lat' dir='ltr'>codice,</span> 
     </span>
    </p>
   </div>
   <div class='ocr_carea' id='block_1_17' title="bbox 1040 3619 1840 3831">
    <p class='ocr_par' dir='ltr' id='par_1_19' title="bbox 1040 3619 1840 3831">
     <span class='ocr_line' id='line_1_69' title="bbox 1040 3619 1840 3694; baseline 0.005 -20"><span class='ocrx_word' id='word_1_530' title='bbox 1040 3621 1122 3676; x_wconf 79' lang='lat' dir='ltr'>uirtus</span> <span class='ocrx_word' id='word_1_531' title='bbox 1133 3620 1259 3675; x_wconf 78' lang='lat' dir='ltr'>ditissimi</span> <span class='ocrx_word' id='word_1_532' title='bbox 1274 3621 1396 3690; x_wconf 77' lang='lat' dir='ltr'>rirpimm</span> <span class='ocrx_word' id='word_1_533' title='bbox 1409 3619 1579 3684; x_wconf 82' lang='lat' dir='ltr'>obumbravit,</span> <span class='ocrx_word' id='word_1_534' title='bbox 1598 3621 1773 3692; x_wconf 69' lang='lat' dir='ltr'>inprobitatem</span> <span class='ocrx_word' id='word_1_535' title='bbox 1783 3625 1840 3694; x_wconf 87' lang='lat' dir='ltr'>ejus</span> 
     </span>
     <span class='ocr_line' id='line_1_70' title="bbox 1042 3690 1837 3775; baseline -0.001 -29"><span class='ocrx_word' id='word_1_536' title='bbox 1042 3692 1116 3765; x_wconf 87' lang='lat' dir='ltr'>(puta</span> <span class='ocrx_word' id='word_1_537' title='bbox 1132 3690 1267 3762; x_wconf 75' lang='lat' dir='ltr'>corporis)</span> <span class='ocrx_word' id='word_1_538' title='bbox 1288 3693 1369 3747; x_wconf 85' lang='lat' dir='ltr'>ueluti</span> <span class='ocrx_word' id='word_1_539' title='bbox 1384 3694 1560 3774; x_wconf 72' lang='lat' dir='ltr'>perumbram</span> <span class='ocrx_word' id='word_1_540' title='bbox 1572 3691 1731 3774; x_wconf 74' lang='lat' dir='ltr'>circumfusa</span> <span class='ocrx_word' id='word_1_541' title='bbox 1741 3694 1837 3775; x_wconf 71' lang='lat' dir='ltr'>confir-</span> 
     </span>
     <span class='ocr_line' id='line_1_71' title="bbox 1040 3761 1837 3831; baseline 0 -14"><span class='ocrx_word' id='word_1_542' title='bbox 1040 3779 1123 3828; x_wconf 88' lang='lat' dir='ltr'>maus,</span> <span class='ocrx_word' id='word_1_543' title='bbox 1146 3773 1175 3817; x_wconf 89' lang='lat' dir='ltr'>ut</span> <span class='ocrx_word' id='word_1_544' title='bbox 1202 3765 1236 3817; x_wconf 83' lang='lat' dir='ltr'>ad</span> <span class='ocrx_word' id='word_1_545' title='bbox 1249 3765 1411 3817; x_wconf 82' lang='lat' dir='ltr'>sementinam</span> <span class='ocrx_word' id='word_1_546' title='bbox 1427 3774 1539 3817; x_wconf 85' lang='lat' dir='ltr'>strenuus</span> <span class='ocrx_word' id='word_1_547' title='bbox 1557 3761 1672 3831; x_wconf 81' lang='lat' dir='ltr'>Spurius</span> <span class='ocrx_word' id='word_1_548' title='bbox 1694 3764 1724 3831; x_wconf 78' lang='grc' dir='ltr'>ε(</span> <span class='ocrx_word' id='word_1_549' title='bbox 1740 3778 1837 3817; x_wconf 88' lang='lat' dir='ltr'>caeram</span> 
     </span>
    </p>
   </div>
   <div class='ocr_carea' id='block_1_18' title="bbox 186 3832 1838 5906">
    <p class='ocr_par' dir='ltr' id='par_1_20' title="bbox 186 3832 1838 5906">
     <span class='ocr_line' id='line_1_72' title="bbox 186 3832 1837 3905; baseline -0.005 -11"><span class='ocrx_word' id='word_1_550' title='bbox 186 3840 234 3894; x_wconf 75' lang='lat' dir='ltr'>aix</span> <span class='ocrx_word' id='word_1_551' title='bbox 243 3838 365 3895; x_wconf 68' lang='grc' dir='ltr'>ᾰπώὶισα</span> <span class='ocrx_word' id='word_1_552' title='bbox 377 3837 402 3902; x_wconf 82' lang='grc' dir='ltr'>ἐξ</span> <span class='ocrx_word' id='word_1_553' title='bbox 415 3837 497 3891; x_wconf 76' lang='grc' dir='ltr'>αὐτῶν</span> <span class='ocrx_word' id='word_1_554' title='bbox 511 3833 650 3901; x_wconf 55' lang='lat' dir='ltr'>stibadio</span> <span class='ocrx_word' id='word_1_555' title='bbox 660 3832 774 3901; x_wconf 79' lang='lat' dir='ltr'>uulgaris</span> <span class='ocrx_word' id='word_1_556' title='bbox 783 3843 915 3901; x_wconf 81' lang='lat' dir='ltr'>expuncta</span> <span class='ocrx_word' id='word_1_557' title='bbox 927 3841 986 3889; x_wconf 85' lang='lat' dir='ltr'>erat</span> <span class='ocrx_word' id='word_1_558' title='bbox 1039 3833 1208 3888; x_wconf 80' lang='lat' dir='ltr'>roborantium</span> <span class='ocrx_word' id='word_1_559' title='bbox 1223 3836 1383 3905; x_wconf 86' lang='lat' dir='ltr'>corporalem</span> <span class='ocrx_word' id='word_1_560' title='bbox 1399 3839 1449 3901; x_wconf 82' lang='lat' dir='ltr'>tert</span> <span class='ocrx_word' id='word_1_561' title='bbox 1463 3847 1494 3887; x_wconf 86' lang='grc' dir='ltr'>εε</span> <span class='ocrx_word' id='word_1_562' title='bbox 1514 3832 1661 3900; x_wconf 81' lang='lat' dir='ltr'>iuilrmant)</span> <span class='ocrx_word' id='word_1_563' title='bbox 1677 3832 1772 3887; x_wconf 79' lang='lat' dir='ltr'>diuinae</span> <span class='ocrx_word' id='word_1_564' title='bbox 1784 3834 1837 3887; x_wconf 89' lang='lat' dir='ltr'>uir-</span> 
     </span>
     <span class='ocr_line' id='line_1_73' title="bbox 226 3901 1838 3975; baseline -0.004 -11"><span class='ocrx_word' id='word_1_565' title='bbox 226 3908 321 3964; x_wconf 86' lang='lat' dir='ltr'>rtienla</span> <span class='ocrx_word' id='word_1_566' title='bbox 336 3923 388 3963; x_wconf 87' lang='lat' dir='ltr'>uon</span> <span class='ocrx_word' id='word_1_567' title='bbox 401 3918 494 3962; x_wconf 86' lang='lat' dir='ltr'>contra</span> <span class='ocrx_word' id='word_1_568' title='bbox 511 3906 591 3961; x_wconf 89' lang='lat' dir='ltr'>tidem</span> <span class='ocrx_word' id='word_1_569' title='bbox 604 3914 667 3959; x_wconf 87' lang='lat' dir='ltr'>nrss.</span> <span class='ocrx_word' id='word_1_570' title='bbox 692 3919 806 3975; x_wconf 80' lang='lat' dir='ltr'>atrorum</span> <span class='ocrx_word' id='word_1_571' title='bbox 823 3906 850 3958; x_wconf 91' lang='lat' dir='ltr'>in</span> <span class='ocrx_word' id='word_1_572' title='bbox 867 3904 984 3959; x_wconf 87' lang='lat' dir='ltr'>rtanuttl·</span> <span class='ocrx_word' id='word_1_573' title='bbox 1039 3907 1102 3959; x_wconf 87' lang='lat' dir='ltr'>turis</span> <span class='ocrx_word' id='word_1_574' title='bbox 1116 3905 1269 3958; x_wconf 85' lang='lat' dir='ltr'>iuunrbratio</span> <span class='ocrx_word' id='word_1_575' title='bbox 1282 3913 1444 3974; x_wconf 84' lang='lat' dir='ltr'>terrtperaret.</span> <span class='ocrx_word' id='word_1_576' title='bbox 1470 3902 1594 3958; x_wconf 86' lang='lat' dir='ltr'>Pressius</span> <span class='ocrx_word' id='word_1_577' title='bbox 1607 3917 1681 3957; x_wconf 91' lang='lat' dir='ltr'>num.</span> <span class='ocrx_word' id='word_1_578' title='bbox 1697 3901 1750 3957; x_wconf 72' lang='lat'>27:</span> <span class='ocrx_word' id='word_1_579' title='bbox 1777 3901 1838 3960; x_wconf 80' lang='lat' dir='ltr'>irri-</span> 
     </span>
     <span class='ocr_line' id='line_1_74' title="bbox 187 3923 1837 4046; baseline -0.002 -10"><span class='ocrx_word' id='word_1_580' title='bbox 187 3923 234 4046; x_wconf 46' lang='lat' dir='ltr'>fles,</span> <span class='ocrx_word' id='word_1_581' title='bbox 268 3994 299 4035; x_wconf 90' lang='lat' dir='ltr'>ro</span> <span class='ocrx_word' id='word_1_582' title='bbox 317 3979 453 4041; x_wconf 75' lang='lat' dir='ltr'>nuntiarem.</span> <span class='ocrx_word' id='word_1_583' title='bbox 467 3976 616 4046; x_wconf 86' lang='lat' dir='ltr'>repositum</span> <span class='ocrx_word' id='word_1_584' title='bbox 631 3985 673 4030; x_wconf 83' lang='lat' dir='ltr'>est</span> <span class='ocrx_word' id='word_1_585' title='bbox 686 3976 806 4044; x_wconf 77' lang='lat' dir='ltr'>aliquem.</span> <span class='ocrx_word' id='word_1_586' title='bbox 1041 3977 1078 4030; x_wconf 89' lang='lat' dir='ltr'>tia</span> <span class='ocrx_word' id='word_1_587' title='bbox 1092 3976 1213 4029; x_wconf 85' lang='lat' dir='ltr'>nascendi</span> <span class='ocrx_word' id='word_1_588' title='bbox 1224 3974 1340 4045; x_wconf 83' lang='lat' dir='ltr'>Spiritus</span> <span class='ocrx_word' id='word_1_589' title='bbox 1352 3982 1454 4030; x_wconf 80' lang='lat' dir='ltr'>satiatus</span> <span class='ocrx_word' id='word_1_590' title='bbox 1465 3976 1644 4046; x_wconf 83' lang='lat' dir='ltr'>superueniens</span> <span class='ocrx_word' id='word_1_591' title='bbox 1655 3984 1678 4029; x_wconf 86' lang='lat' dir='ltr'>et</span> <span class='ocrx_word' id='word_1_592' title='bbox 1687 3974 1837 4032; x_wconf 85' lang='lat' dir='ltr'>inumbrans</span> 
     </span>
     <span class='ocr_line' id='line_1_75' title="bbox 223 3996 1835 4126; baseline -0.002 -22"><span class='ocrx_word' id='word_1_593' title='bbox 223 3996 267 4126; x_wconf 50' lang='grc' dir='ltr'>(ι)&gt;</span> <span class='ocrx_word' id='word_1_594' title='bbox 296 4050 359 4105; x_wconf 82' lang='lat' dir='ltr'>Par.</span> <span class='ocrx_word' id='word_1_595' title='bbox 389 4067 434 4122; x_wconf 88' lang='lat' dir='ltr'>per</span> <span class='ocrx_word' id='word_1_596' title='bbox 457 4065 555 4114; x_wconf 82' lang='lat' dir='ltr'>precam</span> <span class='ocrx_word' id='word_1_597' title='bbox 587 4047 706 4102; x_wconf 79' lang='lat' dir='ltr'>lacrmis.</span> <span class='ocrx_word' id='word_1_598' title='bbox 751 4045 890 4101; x_wconf 81' lang='lat' dir='ltr'>Editiones</span> <span class='ocrx_word' id='word_1_599' title='bbox 926 4045 987 4102; x_wconf 73' lang='lat' dir='ltr'>alim</span> <span class='ocrx_word' id='word_1_600' title='bbox 1040 4046 1420 4102; x_wconf 80' lang='lat' dir='ltr'>uirtusditissiatimolr&#39;uatar.</span> <span class='ocrx_word' id='word_1_601' title='bbox 1438 4044 1835 4116; x_wconf 80' lang='lat' dir='ltr'>lrtouilmsSpiritussauctus,</span> 
     </span>
     <span class='ocr_line' id='line_1_76' title="bbox 187 4114 1837 4196; baseline -0.004 -18"><span class='ocrx_word' id='word_1_602' title='bbox 187 4139 235 4196; x_wconf 85' lang='lat' dir='ltr'>per</span> <span class='ocrx_word' id='word_1_603' title='bbox 249 4137 349 4192; x_wconf 79' lang='lat' dir='ltr'>precem</span> <span class='ocrx_word' id='word_1_604' title='bbox 362 4139 378 4176; x_wconf 93' lang='lat' dir='ltr'>a</span> <span class='ocrx_word' id='word_1_605' title='bbox 391 4119 501 4176; x_wconf 82' lang='lat' dir='ltr'>Joartue.</span> <span class='ocrx_word' id='word_1_606' title='bbox 529 4119 637 4174; x_wconf 84' lang='lat' dir='ltr'>licerius</span> <span class='ocrx_word' id='word_1_607' title='bbox 661 4133 726 4172; x_wconf 76' lang='lat' dir='ltr'>mss.</span> <span class='ocrx_word' id='word_1_608' title='bbox 742 4118 768 4170; x_wconf 87' lang='lat' dir='ltr'>iu</span> <span class='ocrx_word' id='word_1_609' title='bbox 782 4114 884 4170; x_wconf 83' lang='lat' dir='ltr'>Joaaae</span> <span class='ocrx_word' id='word_1_610' title='bbox 899 4157 906 4174; x_wconf 85' lang='lat'><strong>.</strong></span> <span class='ocrx_word' id='word_1_611' title='bbox 934 4116 987 4174; x_wconf 90' lang='lat' dir='ltr'>ltoe</span> <span class='ocrx_word' id='word_1_612' title='bbox 1040 4117 1067 4172; x_wconf 91' lang='lat' dir='ltr'>id</span> <span class='ocrx_word' id='word_1_613' title='bbox 1082 4128 1124 4172; x_wconf 86' lang='grc' dir='ltr'>εει</span> <span class='ocrx_word' id='word_1_614' title='bbox 1139 4116 1268 4184; x_wconf 80' lang='lat' dir='ltr'>Verbum,</span> <span class='ocrx_word' id='word_1_615' title='bbox 1293 4128 1320 4173; x_wconf 90' lang='lat' dir='ltr'>et</span> <span class='ocrx_word' id='word_1_616' title='bbox 1330 4130 1357 4173; x_wconf 92' lang='lat' dir='ltr'>nt</span> <span class='ocrx_word' id='word_1_617' title='bbox 1371 4122 1661 4187; x_wconf 61' lang='lat' dir='ltr'>susceptor-corporis,</span> <span class='ocrx_word' id='word_1_618' title='bbox 1684 4125 1712 4172; x_wconf 90' lang='lat' dir='ltr'>et</span> <span class='ocrx_word' id='word_1_619' title='bbox 1734 4127 1763 4170; x_wconf 90' lang='grc' dir='ltr'>ιιι</span> <span class='ocrx_word' id='word_1_620' title='bbox 1778 4134 1837 4172; x_wconf 79' lang='lat' dir='ltr'>sns-</span> 
     </span>
     <span class='ocr_line' id='line_1_77' title="bbox 187 4187 1836 4263; baseline -0.005 -13"><span class='ocrx_word' id='word_1_621' title='bbox 187 4203 242 4260; x_wconf 89' lang='lat' dir='ltr'>est,</span> <span class='ocrx_word' id='word_1_622' title='bbox 265 4209 327 4263; x_wconf 70' lang='lat' dir='ltr'>rrum</span> <span class='ocrx_word' id='word_1_623' title='bbox 346 4200 435 4249; x_wconf 85' lang='lat' dir='ltr'>exstet</span> <span class='ocrx_word' id='word_1_624' title='bbox 448 4193 475 4247; x_wconf 88' lang='lat' dir='ltr'>in</span> <span class='ocrx_word' id='word_1_625' title='bbox 491 4190 637 4261; x_wconf 74' lang='lat' dir='ltr'>Evangelio</span> <span class='ocrx_word' id='word_1_626' title='bbox 658 4188 779 4243; x_wconf 86' lang='lat' dir='ltr'>loamds.</span> <span class='ocrx_word' id='word_1_627' title='bbox 815 4187 919 4244; x_wconf 87' lang='lat' dir='ltr'>Similis</span> <span class='ocrx_word' id='word_1_628' title='bbox 945 4198 986 4245; x_wconf 92' lang='lat' dir='ltr'>est</span> <span class='ocrx_word' id='word_1_629' title='bbox 1040 4190 1111 4258; x_wconf 83' lang='lat' dir='ltr'>cepti</span> <span class='ocrx_word' id='word_1_630' title='bbox 1123 4202 1204 4244; x_wconf 89' lang='lat' dir='ltr'>causa</span> <span class='ocrx_word' id='word_1_631' title='bbox 1216 4187 1337 4244; x_wconf 87' lang='lat' dir='ltr'>ellectris</span> <span class='ocrx_word' id='word_1_632' title='bbox 1349 4188 1546 4245; x_wconf 80' lang='lat' dir='ltr'>eotrsidtrutnr.</span> <span class='ocrx_word' id='word_1_633' title='bbox 1560 4187 1679 4258; x_wconf 71' lang='lat' dir='ltr'>Utroque</span> <span class='ocrx_word' id='word_1_634' title='bbox 1690 4187 1836 4243; x_wconf 88' lang='lat' dir='ltr'>modorir·</span> 
     </span>
     <span class='ocr_line' id='line_1_78' title="bbox 188 4258 1835 4334; baseline -0.002 -13"><span class='ocrx_word' id='word_1_635' title='bbox 188 4264 318 4334; x_wconf 80' lang='lat' dir='ltr'>loqarendi</span> <span class='ocrx_word' id='word_1_636' title='bbox 332 4263 429 4319; x_wconf 74' lang='lat' dir='ltr'>nundus</span> <span class='ocrx_word' id='word_1_637' title='bbox 443 4262 551 4333; x_wconf 82' lang='lat' dir='ltr'>Fragm.</span> <span class='ocrx_word' id='word_1_638' title='bbox 565 4276 585 4326; x_wconf 92' lang='grc' dir='ltr'>ι,</span> <span class='ocrx_word' id='word_1_639' title='bbox 600 4275 674 4315; x_wconf 88' lang='lat' dir='ltr'>turm.</span> <span class='ocrx_word' id='word_1_640' title='bbox 686 4259 714 4314; x_wconf 52' lang='grc' dir='ltr'>ᾖ.</span> <span class='ocrx_word' id='word_1_641' title='bbox 1040 4270 1084 4315; x_wconf 92' lang='lat' dir='ltr'>tus</span> <span class='ocrx_word' id='word_1_642' title='bbox 1093 4270 1135 4315; x_wconf 89' lang='lat' dir='ltr'>est</span> <span class='ocrx_word' id='word_1_643' title='bbox 1146 4261 1278 4329; x_wconf 84' lang='lat' dir='ltr'>corporis,</span> <span class='ocrx_word' id='word_1_644' title='bbox 1293 4262 1351 4316; x_wconf 86' lang='lat' dir='ltr'>siro</span> <span class='ocrx_word' id='word_1_645' title='bbox 1364 4261 1430 4316; x_wconf 91' lang='lat' dir='ltr'>illud</span> <span class='ocrx_word' id='word_1_646' title='bbox 1443 4260 1596 4329; x_wconf 89' lang='lat' dir='ltr'>condendo,</span> <span class='ocrx_word' id='word_1_647' title='bbox 1611 4260 1669 4316; x_wconf 82' lang='lat' dir='ltr'>siue</span> <span class='ocrx_word' id='word_1_648' title='bbox 1680 4258 1770 4316; x_wconf 86' lang='lat' dir='ltr'>diviua</span> <span class='ocrx_word' id='word_1_649' title='bbox 1786 4276 1835 4331; x_wconf 85' lang='lat' dir='ltr'>per</span> 
     </span>
     <span class='ocr_line' id='line_1_79' title="bbox 226 4328 1268 4407; baseline -0.007 -15"><span class='ocrx_word' id='word_1_650' title='bbox 226 4336 266 4407; x_wconf 82' lang='lat' dir='ltr'>(d)</span> <span class='ocrx_word' id='word_1_651' title='bbox 283 4334 354 4391; x_wconf 81' lang='lat' dir='ltr'>Editi</span> <span class='ocrx_word' id='word_1_652' title='bbox 368 4350 429 4392; x_wconf 90' lang='lat' dir='ltr'>cum</span> <span class='ocrx_word' id='word_1_653' title='bbox 441 4348 493 4389; x_wconf 92' lang='lat' dir='ltr'>uno</span> <span class='ocrx_word' id='word_1_654' title='bbox 510 4348 562 4389; x_wconf 86' lang='lat' dir='ltr'>ms.</span> <span class='ocrx_word' id='word_1_655' title='bbox 579 4332 696 4402; x_wconf 79' lang='lat' dir='ltr'>lictrtig,</span> <span class='ocrx_word' id='word_1_656' title='bbox 711 4328 916 4393; x_wconf 81' lang='lat' dir='ltr'>altrolmsColb.,</span> <span class='ocrx_word' id='word_1_657' title='bbox 933 4346 986 4386; x_wconf 87' lang='lat' dir='ltr'>utro</span> <span class='ocrx_word' id='word_1_658' title='bbox 1040 4329 1105 4385; x_wconf 91' lang='lat' dir='ltr'>iliud</span> <span class='ocrx_word' id='word_1_659' title='bbox 1119 4331 1268 4395; x_wconf 86' lang='lat' dir='ltr'>onerando.</span> 
     </span>
     <span class='ocr_line' id='line_1_80' title="bbox 187 4398 1835 4473; baseline -0.002 -9"><span class='ocrx_word' id='word_1_660' title='bbox 187 4408 306 4464; x_wconf 83' lang='lat' dir='ltr'>Sorbort.</span> <span class='ocrx_word' id='word_1_661' title='bbox 324 4406 379 4472; x_wconf 77' lang='lat' dir='ltr'>tilia</span> <span class='ocrx_word' id='word_1_662' title='bbox 394 4406 514 4461; x_wconf 85' lang='lat' dir='ltr'>doorirds.</span> <span class='ocrx_word' id='word_1_663' title='bbox 533 4403 629 4459; x_wconf 83' lang='lat' dir='ltr'>ilarius</span> <span class='ocrx_word' id='word_1_664' title='bbox 641 4403 773 4457; x_wconf 80' lang='lat' dir='ltr'>rcttrstior</span> <span class='ocrx_word' id='word_1_665' title='bbox 785 4400 876 4465; x_wconf 76' lang='lat' dir='ltr'>Gallu,</span> <span class='ocrx_word' id='word_1_666' title='bbox 888 4398 984 4467; x_wconf 76' lang='lat' dir='ltr'>Carris..</span> <span class='ocrx_word' id='word_1_667' title='bbox 1076 4399 1112 4473; x_wconf 73' lang='lat' dir='ltr'>ti)</span> <span class='ocrx_word' id='word_1_668' title='bbox 1138 4400 1166 4456; x_wconf 87' lang='lat' dir='ltr'>lo</span> <span class='ocrx_word' id='word_1_669' title='bbox 1187 4400 1282 4456; x_wconf 89' lang='lat' dir='ltr'>codiee</span> <span class='ocrx_word' id='word_1_670' title='bbox 1297 4401 1357 4456; x_wconf 76' lang='lat' dir='ltr'>lat.</span> <span class='ocrx_word' id='word_1_671' title='bbox 1383 4403 1441 4458; x_wconf 89' lang='lat' dir='ltr'>bns.</span> <span class='ocrx_word' id='word_1_672' title='bbox 1459 4413 1555 4459; x_wconf 79' lang='lat' dir='ltr'>rtastru&#39;</span> <span class='ocrx_word' id='word_1_673' title='bbox 1573 4404 1668 4458; x_wconf 85' lang='lat' dir='ltr'>caratis.</span> <span class='ocrx_word' id='word_1_674' title='bbox 1684 4403 1796 4461; x_wconf 83' lang='lat' dir='ltr'>Rectius</span> <span class='ocrx_word' id='word_1_675' title='bbox 1809 4405 1835 4460; x_wconf 88' lang='lat' dir='ltr'>in</span> 
     </span>
     <span class='ocr_line' id='line_1_81' title="bbox 189 4470 1834 4547; baseline -0.002 -13"><span class='ocrx_word' id='word_1_676' title='bbox 189 4478 284 4546; x_wconf 81' lang='lat' dir='ltr'>viad,</span> <span class='ocrx_word' id='word_1_677' title='bbox 297 4479 365 4534; x_wconf 90' lang='lat' dir='ltr'>alter</span> <span class='ocrx_word' id='word_1_678' title='bbox 379 4478 495 4547; x_wconf 74' lang='lat' dir='ltr'>Remig,</span> <span class='ocrx_word' id='word_1_679' title='bbox 511 4476 617 4541; x_wconf 83' lang='lat' dir='ltr'>Germ,</span> <span class='ocrx_word' id='word_1_680' title='bbox 634 4474 705 4529; x_wconf 85' lang='lat' dir='ltr'>Prat.</span> <span class='ocrx_word' id='word_1_681' title='bbox 720 4480 774 4528; x_wconf 86' lang='lat' dir='ltr'>ete.</span> <span class='ocrx_word' id='word_1_682' title='bbox 788 4472 836 4541; x_wconf 79' lang='lat' dir='ltr'>filii</span> <span class='ocrx_word' id='word_1_683' title='bbox 855 4473 983 4526; x_wconf 75' lang='lat' dir='ltr'>bominis:</span> <span class='ocrx_word' id='word_1_684' title='bbox 1037 4470 1107 4537; x_wconf 86' lang='lat' dir='ltr'>aliis,</span> <span class='ocrx_word' id='word_1_685' title='bbox 1125 4475 1417 4542; x_wconf 81' lang='lat' dir='ltr'>aarrroecortceptiorris.</span> <span class='ocrx_word' id='word_1_686' title='bbox 1446 4473 1520 4528; x_wconf 79' lang='lat' dir='ltr'>illias</span> <span class='ocrx_word' id='word_1_687' title='bbox 1544 4491 1598 4529; x_wconf 92' lang='lat' dir='ltr'>uon</span> <span class='ocrx_word' id='word_1_688' title='bbox 1616 4486 1729 4545; x_wconf 86' lang='lat' dir='ltr'>apparet</span> <span class='ocrx_word' id='word_1_689' title='bbox 1739 4477 1834 4531; x_wconf 86' lang='lat' dir='ltr'>discri-</span> 
     </span>
     <span class='ocr_line' id='line_1_82' title="bbox 188 4544 1834 4616; baseline -0.004 -10"><span class='ocrx_word' id='word_1_690' title='bbox 188 4550 243 4606; x_wconf 89' lang='lat' dir='ltr'>boe</span> <span class='ocrx_word' id='word_1_691' title='bbox 256 4560 317 4613; x_wconf 85' lang='lat' dir='ltr'>est,</span> <span class='ocrx_word' id='word_1_692' title='bbox 344 4549 408 4606; x_wconf 88' lang='lat' dir='ltr'>licet</span> <span class='ocrx_word' id='word_1_693' title='bbox 418 4548 542 4604; x_wconf 86' lang='lat' dir='ltr'>Cirristus</span> <span class='ocrx_word' id='word_1_694' title='bbox 556 4561 654 4615; x_wconf 88' lang='lat' dir='ltr'>corpus</span> <span class='ocrx_word' id='word_1_695' title='bbox 670 4545 768 4600; x_wconf 89' lang='lat' dir='ltr'>lrabeat</span> <span class='ocrx_word' id='word_1_696' title='bbox 793 4558 846 4598; x_wconf 90' lang='lat' dir='ltr'>non</span> <span class='ocrx_word' id='word_1_697' title='bbox 870 4546 985 4598; x_wconf 87' lang='lat' dir='ltr'>terrenis</span> <span class='ocrx_word' id='word_1_698' title='bbox 1037 4559 1099 4600; x_wconf 86' lang='lat' dir='ltr'>aren</span> <span class='ocrx_word' id='word_1_699' title='bbox 1115 4544 1185 4599; x_wconf 91' lang='lat' dir='ltr'>inter</span> <span class='ocrx_word' id='word_1_700' title='bbox 1200 4544 1381 4599; x_wconf 81' lang='lat' dir='ltr'>israelitarum</span> <span class='ocrx_word' id='word_1_701' title='bbox 1397 4553 1425 4600; x_wconf 92' lang='lat' dir='ltr'>ct</span> <span class='ocrx_word' id='word_1_702' title='bbox 1440 4544 1538 4598; x_wconf 76' lang='lat' dir='ltr'>timisti</span> <span class='ocrx_word' id='word_1_703' title='bbox 1554 4560 1668 4616; x_wconf 87' lang='lat' dir='ltr'>corpus:</span> <span class='ocrx_word' id='word_1_704' title='bbox 1693 4544 1764 4613; x_wconf 80' lang='lat' dir='ltr'>arrad</span> <span class='ocrx_word' id='word_1_705' title='bbox 1780 4562 1834 4602; x_wconf 92' lang='lat' dir='ltr'>non</span> 
     </span>
     <span class='ocr_line' id='line_1_83' title="bbox 188 4614 1834 4687; baseline -0.005 -8"><span class='ocrx_word' id='word_1_706' title='bbox 188 4622 347 4679; x_wconf 89' lang='lat' dir='ltr'>lueboatom</span> <span class='ocrx_word' id='word_1_707' title='bbox 362 4620 515 4685; x_wconf 86' lang='lat' dir='ltr'>elementis,</span> <span class='ocrx_word' id='word_1_708' title='bbox 530 4628 622 4687; x_wconf 88' lang='lat' dir='ltr'>utpote</span> <span class='ocrx_word' id='word_1_709' title='bbox 637 4617 713 4685; x_wconf 74' lang='lat' dir='ltr'>enjus</span> <span class='ocrx_word' id='word_1_710' title='bbox 726 4617 850 4686; x_wconf 88' lang='lat' dir='ltr'>princeps</span> <span class='ocrx_word' id='word_1_711' title='bbox 863 4621 906 4669; x_wconf 92' lang='lat' dir='ltr'>est</span> <span class='ocrx_word' id='word_1_712' title='bbox 921 4630 985 4667; x_wconf 84' lang='lat' dir='ltr'>sarr·</span> <span class='ocrx_word' id='word_1_713' title='bbox 1036 4631 1130 4680; x_wconf 89' lang='lat' dir='ltr'>carno,</span> <span class='ocrx_word' id='word_1_714' title='bbox 1147 4614 1195 4671; x_wconf 90' lang='lat' dir='ltr'>sed</span> <span class='ocrx_word' id='word_1_715' title='bbox 1209 4616 1391 4684; x_wconf 74' lang='lat' dir='ltr'>correerstiono</span> <span class='ocrx_word' id='word_1_716' title='bbox 1408 4632 1422 4671; x_wconf 90' lang='lat' dir='ltr'>a</span> <span class='ocrx_word' id='word_1_717' title='bbox 1439 4616 1518 4671; x_wconf 80' lang='lat' dir='ltr'>indiis</span> <span class='ocrx_word' id='word_1_718' title='bbox 1531 4616 1632 4670; x_wconf 89' lang='lat' dir='ltr'>distare</span> <span class='ocrx_word' id='word_1_719' title='bbox 1646 4615 1763 4671; x_wconf 88' lang='lat' dir='ltr'>llilnrius</span> <span class='ocrx_word' id='word_1_720' title='bbox 1784 4616 1834 4673; x_wconf 87' lang='lat' dir='ltr'>do·</span> 
     </span>
     <span class='ocr_line' id='line_1_84' title="bbox 188 4661 1836 4754; baseline -0.005 -4"><span class='ocrx_word' id='word_1_721' title='bbox 188 4704 250 4750; x_wconf 87' lang='lat' dir='ltr'>ctus</span> <span class='ocrx_word' id='word_1_722' title='bbox 265 4694 284 4749; x_wconf 89' lang='lat' dir='ltr'>S</span> <span class='ocrx_word' id='word_1_723' title='bbox 304 4693 398 4754; x_wconf 88' lang='lat' dir='ltr'>iritus,</span> <span class='ocrx_word' id='word_1_724' title='bbox 425 4705 489 4746; x_wconf 89' lang='lat' dir='ltr'>rere</span> <span class='ocrx_word' id='word_1_725' title='bbox 511 4701 600 4744; x_wconf 84' lang='lat' dir='ltr'>tarrren</span> <span class='ocrx_word' id='word_1_726' title='bbox 616 4697 692 4742; x_wconf 90' lang='lat' dir='ltr'>natus</span> <span class='ocrx_word' id='word_1_727' title='bbox 715 4697 756 4742; x_wconf 91' lang='grc' dir='ltr'>εει</span> <span class='ocrx_word' id='word_1_728' title='bbox 771 4686 841 4740; x_wconf 92' lang='lat' dir='ltr'>lilius</span> <span class='ocrx_word' id='word_1_729' title='bbox 855 4683 982 4753; x_wconf 81' lang='lat' dir='ltr'>trontiuis,</span> <span class='ocrx_word' id='word_1_730' title='bbox 997 4661 1025 4724; x_wconf 79' lang='lat' dir='ltr'>D</span> <span class='ocrx_word' id='word_1_731' title='bbox 1038 4701 1102 4742; x_wconf 84' lang='lat' dir='ltr'>cere</span> <span class='ocrx_word' id='word_1_732' title='bbox 1115 4686 1195 4742; x_wconf 91' lang='lat' dir='ltr'>salet.</span> <span class='ocrx_word' id='word_1_733' title='bbox 1217 4685 1294 4742; x_wconf 88' lang='lat' dir='ltr'>Unde</span> <span class='ocrx_word' id='word_1_734' title='bbox 1307 4688 1332 4741; x_wconf 90' lang='lat' dir='ltr'>in</span> <span class='ocrx_word' id='word_1_735' title='bbox 1347 4687 1419 4743; x_wconf 86' lang='lat' dir='ltr'>Psai.</span> <span class='ocrx_word' id='word_1_736' title='bbox 1437 4701 1494 4752; x_wconf 86' lang='grc' dir='ltr'>ιιιι,</span> <span class='ocrx_word' id='word_1_737' title='bbox 1510 4703 1538 4741; x_wconf 89' lang='grc' dir='ltr'>ιι.</span> <span class='ocrx_word' id='word_1_738' title='bbox 1551 4687 1578 4753; x_wconf 84' lang='grc'>8,</span> <span class='ocrx_word' id='word_1_739' title='bbox 1593 4686 1689 4742; x_wconf 86' lang='lat' dir='ltr'>ltabet:</span> <span class='ocrx_word' id='word_1_740' title='bbox 1706 4685 1775 4741; x_wconf 78' lang='lat' dir='ltr'>beas</span> <span class='ocrx_word' id='word_1_741' title='bbox 1787 4686 1836 4742; x_wconf 82' lang='lat' dir='ltr'>llei</span> 
     </span>
     <span class='ocr_line' id='line_1_85' title="bbox 188 4708 1835 4834; baseline -0.004 -15"><span class='ocrx_word' id='word_1_742' title='bbox 188 4780 270 4820; x_wconf 86' lang='lat' dir='ltr'>rurus</span> <span class='ocrx_word' id='word_1_743' title='bbox 286 4708 402 4834; x_wconf 58' lang='lat' dir='ltr'>iirgtnts</span> <span class='ocrx_word' id='word_1_744' title='bbox 415 4762 498 4817; x_wconf 80' lang='lat' dir='ltr'>itlius.</span> <span class='ocrx_word' id='word_1_745' title='bbox 515 4762 581 4817; x_wconf 81' lang='lat' dir='ltr'>Com</span> <span class='ocrx_word' id='word_1_746' title='bbox 594 4759 636 4814; x_wconf 92' lang='lat' dir='ltr'>bis</span> <span class='ocrx_word' id='word_1_747' title='bbox 654 4759 748 4815; x_wconf 85' lang='lat' dir='ltr'>cottier</span> <span class='ocrx_word' id='word_1_748' title='bbox 762 4767 898 4829; x_wconf 90' lang='lat' dir='ltr'>postrema</span> <span class='ocrx_word' id='word_1_749' title='bbox 910 4772 983 4813; x_wconf 92' lang='lat' dir='ltr'>num.</span> <span class='ocrx_word' id='word_1_750' title='bbox 1039 4758 1112 4828; x_wconf 73' lang='lat' dir='ltr'>salias</span> <span class='ocrx_word' id='word_1_751' title='bbox 1124 4767 1184 4811; x_wconf 84' lang='lat' dir='ltr'>orate</span> <span class='ocrx_word' id='word_1_752' title='bbox 1197 4759 1294 4812; x_wconf 82' lang='lat' dir='ltr'>sucula</span> <span class='ocrx_word' id='word_1_753' title='bbox 1308 4774 1424 4825; x_wconf 78' lang='lat' dir='ltr'>ataricus,</span> <span class='ocrx_word' id='word_1_754' title='bbox 1440 4761 1559 4814; x_wconf 81' lang='lat' dir='ltr'>triturante</span> <span class='ocrx_word' id='word_1_755' title='bbox 1570 4768 1671 4814; x_wconf 79' lang='lat' dir='ltr'>naturae</span> <span class='ocrx_word' id='word_1_756' title='bbox 1685 4758 1791 4820; x_wconf 83' lang='lat' dir='ltr'>babitu.</span> <span class='ocrx_word' id='word_1_757' title='bbox 1808 4759 1835 4814; x_wconf 87' lang='lat' dir='ltr'>id</span> 
     </span>
     <span class='ocr_line' id='line_1_86' title="bbox 189 4828 1832 4904; baseline -0.005 -11"><span class='ocrx_word' id='word_1_758' title='bbox 189 4835 225 4893; x_wconf 77' lang='lat' dir='ltr'>lb</span> <span class='ocrx_word' id='word_1_759' title='bbox 242 4836 335 4892; x_wconf 80' lang='lat' dir='ltr'>rcrlra.</span> <span class='ocrx_word' id='word_1_760' title='bbox 1039 4838 1077 4882; x_wconf 86' lang='lat' dir='ltr'>eat</span> <span class='ocrx_word' id='word_1_761' title='bbox 1090 4870 1095 4891; x_wconf 82' lang='lat'>.</span> <span class='ocrx_word' id='word_1_762' title='bbox 1110 4829 1192 4883; x_wconf 87' lang='lat' dir='ltr'>uestri</span> <span class='ocrx_word' id='word_1_763' title='bbox 1211 4831 1327 4900; x_wconf 80' lang='lat' dir='ltr'>corporis</span> <span class='ocrx_word' id='word_1_764' title='bbox 1346 4842 1423 4904; x_wconf 83' lang='lat' dir='ltr'>atque</span> <span class='ocrx_word' id='word_1_765' title='bbox 1435 4832 1530 4886; x_wconf 78' lang='lat' dir='ltr'>arritum</span> <span class='ocrx_word' id='word_1_766' title='bbox 1542 4828 1619 4885; x_wconf 87' lang='lat' dir='ltr'>borao</span> <span class='ocrx_word' id='word_1_767' title='bbox 1634 4847 1665 4886; x_wconf 82' lang='lat' dir='ltr'>ea</span> <span class='ocrx_word' id='word_1_768' title='bbox 1678 4840 1753 4903; x_wconf 90' lang='lat' dir='ltr'>portu</span> <span class='ocrx_word' id='word_1_769' title='bbox 1771 4829 1832 4885; x_wconf 84' lang='lat' dir='ltr'>Vir-</span> 
     </span>
     <span class='ocr_line' id='line_1_87' title="bbox 226 4898 1202 4981; baseline -0.008 -18"><span class='ocrx_word' id='word_1_770' title='bbox 226 4906 262 4981; x_wconf 82' lang='grc' dir='ltr'>(ε)</span> <span class='ocrx_word' id='word_1_771' title='bbox 277 4905 470 4962; x_wconf 83' lang='lat' dir='ltr'>Prmdictorum</span> <span class='ocrx_word' id='word_1_772' title='bbox 480 4918 545 4959; x_wconf 91' lang='lat' dir='ltr'>mss.</span> <span class='ocrx_word' id='word_1_773' title='bbox 559 4900 720 4958; x_wconf 84' lang='lat' dir='ltr'>auctoritate</span> <span class='ocrx_word' id='word_1_774' title='bbox 729 4898 896 4957; x_wconf 86' lang='lat' dir='ltr'>restituimus</span> <span class='ocrx_word' id='word_1_775' title='bbox 905 4899 986 4953; x_wconf 86' lang='lat' dir='ltr'>uirtaa-</span> <span class='ocrx_word' id='word_1_776' title='bbox 1037 4900 1105 4971; x_wconf 81' lang='lat' dir='ltr'>pinis</span> <span class='ocrx_word' id='word_1_777' title='bbox 1117 4911 1202 4955; x_wconf 86' lang='lat' dir='ltr'>uatus.</span> 
     </span>
     <span class='ocr_line' id='line_1_88' title="bbox 190 4969 1835 5051; baseline -0.003 -17"><span class='ocrx_word' id='word_1_778' title='bbox 190 4978 376 5051; x_wconf 83' lang='lat' dir='ltr'>tmrcarporis,</span> <span class='ocrx_word' id='word_1_779' title='bbox 389 4976 539 5045; x_wconf 73' lang='lat' dir='ltr'>praesertim</span> <span class='ocrx_word' id='word_1_780' title='bbox 549 4989 610 5029; x_wconf 89' lang='lat' dir='ltr'>cum</span> <span class='ocrx_word' id='word_1_781' title='bbox 622 4988 697 5029; x_wconf 88' lang='lat' dir='ltr'>tram.</span> <span class='ocrx_word' id='word_1_782' title='bbox 710 4973 757 5038; x_wconf 64' lang='grc' dir='ltr'>εὖ,</span> <span class='ocrx_word' id='word_1_783' title='bbox 766 4973 984 5041; x_wconf 86' lang='lat' dir='ltr'>jamlrgerimus,</span> <span class='ocrx_word' id='word_1_784' title='bbox 1075 4971 1115 5044; x_wconf 79' lang='lat' dir='ltr'>(g)</span> <span class='ocrx_word' id='word_1_785' title='bbox 1131 4969 1196 5027; x_wconf 81' lang='lat' dir='ltr'>aaa.</span> <span class='ocrx_word' id='word_1_786' title='bbox 1221 4981 1248 5026; x_wconf 93' lang='lat' dir='ltr'>et</span> <span class='ocrx_word' id='word_1_787' title='bbox 1263 4972 1307 5027; x_wconf 84' lang='lat' dir='ltr'>Er.</span> <span class='ocrx_word' id='word_1_788' title='bbox 1334 4972 1516 5029; x_wconf 82' lang='lat' dir='ltr'>eirerrmaduri.</span> <span class='ocrx_word' id='word_1_789' title='bbox 1531 4972 1596 5029; x_wconf 82' lang='lat' dir='ltr'>blus.</span> <span class='ocrx_word' id='word_1_790' title='bbox 1618 4972 1712 5042; x_wconf 86' lang='lat' dir='ltr'>Corb,</span> <span class='ocrx_word' id='word_1_791' title='bbox 1725 4973 1835 5030; x_wconf 88' lang='lat' dir='ltr'>Pratell.</span> 
     </span>
     <span class='ocr_line' id='line_1_89' title="bbox 194 5041 1835 5117; baseline -0.001 -12"><span class='ocrx_word' id='word_1_792' title='bbox 194 5051 285 5105; x_wconf 82' lang='lat' dir='ltr'>Virtus</span> <span class='ocrx_word' id='word_1_793' title='bbox 308 5049 421 5116; x_wconf 85' lang='lat' dir='ltr'>carparis</span> <span class='ocrx_word' id='word_1_794' title='bbox 436 5047 493 5102; x_wconf 89' lang='lat' dir='ltr'>siue</span> <span class='ocrx_word' id='word_1_795' title='bbox 514 5061 590 5101; x_wconf 88' lang='lat' dir='ltr'>seusu</span> <span class='ocrx_word' id='word_1_796' title='bbox 606 5043 917 5113; x_wconf 80' lang='lat' dir='ltr'>poeuaeoimpoeuaeinse</span> <span class='ocrx_word' id='word_1_797' title='bbox 938 5041 985 5095; x_wconf 84' lang='lat' dir='ltr'>de·</span> <span class='ocrx_word' id='word_1_798' title='bbox 1040 5050 1120 5107; x_wconf 79' lang='lat' dir='ltr'>ete,</span> <span class='ocrx_word' id='word_1_799' title='bbox 1148 5043 1357 5100; x_wconf 87' lang='lat' dir='ltr'>circumamburi.</span> <span class='ocrx_word' id='word_1_800' title='bbox 1388 5045 1456 5100; x_wconf 81' lang='lat' dir='ltr'>Tres</span> <span class='ocrx_word' id='word_1_801' title='bbox 1479 5043 1566 5100; x_wconf 83' lang='lat' dir='ltr'>Vatia.</span> <span class='ocrx_word' id='word_1_802' title='bbox 1593 5058 1654 5099; x_wconf 90' lang='lat' dir='ltr'>cum</span> <span class='ocrx_word' id='word_1_803' title='bbox 1677 5045 1782 5117; x_wconf 81' lang='lat' dir='ltr'>Rernig.</span> <span class='ocrx_word' id='word_1_804' title='bbox 1807 5058 1835 5104; x_wconf 88' lang='lat' dir='ltr'>et</span> 
     </span>
     <span class='ocr_line' id='line_1_90' title="bbox 189 5111 1832 5187; baseline -0.002 -10"><span class='ocrx_word' id='word_1_805' title='bbox 189 5122 318 5178; x_wconf 82' lang='lat' dir='ltr'>saeuientis</span> <span class='ocrx_word' id='word_1_806' title='bbox 330 5118 439 5187; x_wconf 76' lang='lat' dir='ltr'>excepit,</span> <span class='ocrx_word' id='word_1_807' title='bbox 460 5132 492 5172; x_wconf 89' lang='lat' dir='ltr'>ac</span> <span class='ocrx_word' id='word_1_808' title='bbox 506 5130 612 5171; x_wconf 88' lang='lat' dir='ltr'>rursum</span> <span class='ocrx_word' id='word_1_809' title='bbox 626 5131 699 5170; x_wconf 91' lang='lat' dir='ltr'>num.</span> <span class='ocrx_word' id='word_1_810' title='bbox 714 5111 986 5181; x_wconf 68' lang='lat' dir='ltr'>eunominianos</span> <span class='ocrx_word' id='word_1_811' title='bbox 1039 5111 1163 5176; x_wconf 79' lang='lat' dir='ltr'>Theod,</span> <span class='ocrx_word' id='word_1_812' title='bbox 1191 5115 1354 5169; x_wconf 83' lang='lat' dir='ltr'>circumbari.</span> <span class='ocrx_word' id='word_1_813' title='bbox 1370 5116 1450 5173; x_wconf 81' lang='lat' dir='ltr'>iliud.</span> <span class='ocrx_word' id='word_1_814' title='bbox 1466 5115 1499 5169; x_wconf 91' lang='lat' dir='ltr'>ad</span> <span class='ocrx_word' id='word_1_815' title='bbox 1514 5116 1595 5179; x_wconf 84' lang='lat' dir='ltr'>Siir..</span> <span class='ocrx_word' id='word_1_816' title='bbox 1610 5117 1832 5175; x_wconf 81' lang='lat' dir='ltr'>circuuuombari.</span> 
     </span>
     <span class='ocr_line' id='line_1_91' title="bbox 189 5183 1833 5265; baseline -0.004 -15"><span class='ocrx_word' id='word_1_817' title='bbox 189 5194 314 5265; x_wconf 85' lang='lat' dir='ltr'>eorporis</span> <span class='ocrx_word' id='word_1_818' title='bbox 336 5189 422 5245; x_wconf 91' lang='lat' dir='ltr'>nostri</span> <span class='ocrx_word' id='word_1_819' title='bbox 442 5187 582 5259; x_wconf 88' lang='lat' dir='ltr'>passiones</span> <span class='ocrx_word' id='word_1_820' title='bbox 596 5202 611 5241; x_wconf 92' lang='lat' dir='ltr'>a</span> <span class='ocrx_word' id='word_1_821' title='bbox 627 5185 734 5242; x_wconf 77' lang='lat' dir='ltr'>cbristo</span> <span class='ocrx_word' id='word_1_822' title='bbox 756 5186 850 5240; x_wconf 85' lang='lat' dir='ltr'>uirtute</span> <span class='ocrx_word' id='word_1_823' title='bbox 868 5186 985 5257; x_wconf 86' lang='lat' dir='ltr'>corporis</span> <span class='ocrx_word' id='word_1_824' title='bbox 1039 5183 1118 5238; x_wconf 84' lang='lat' dir='ltr'>Colit.</span> <span class='ocrx_word' id='word_1_825' title='bbox 1135 5199 1167 5239; x_wconf 88' lang='lat' dir='ltr'>ac</span> <span class='ocrx_word' id='word_1_826' title='bbox 1190 5183 1304 5249; x_wconf 73' lang='lat' dir='ltr'>Germ..</span> <span class='ocrx_word' id='word_1_827' title='bbox 1327 5203 1386 5241; x_wconf 88' lang='lat' dir='ltr'>curn</span> <span class='ocrx_word' id='word_1_828' title='bbox 1397 5186 1506 5241; x_wconf 87' lang='lat' dir='ltr'>auaburi.</span> <span class='ocrx_word' id='word_1_829' title='bbox 1531 5187 1613 5242; x_wconf 84' lang='lat' dir='ltr'>Cara.</span> <span class='ocrx_word' id='word_1_830' title='bbox 1628 5189 1738 5242; x_wconf 85' lang='lat' dir='ltr'>amburi.</span> <span class='ocrx_word' id='word_1_831' title='bbox 1756 5188 1833 5246; x_wconf 84' lang='lat' dir='ltr'>Parti</span> 
     </span>
     <span class='ocr_line' id='line_1_92' title="bbox 189 5254 1832 5332; baseline -0.003 -11"><span class='ocrx_word' id='word_1_832' title='bbox 189 5266 232 5321; x_wconf 85' lang='lat' dir='ltr'>sai</span> <span class='ocrx_word' id='word_1_833' title='bbox 244 5270 395 5332; x_wconf 81' lang='lat' dir='ltr'>susceptas.</span> <span class='ocrx_word' id='word_1_834' title='bbox 414 5260 442 5315; x_wconf 92' lang='lat' dir='ltr'>ln</span> <span class='ocrx_word' id='word_1_835' title='bbox 456 5260 571 5330; x_wconf 75' lang='lat' dir='ltr'>irrigatis</span> <span class='ocrx_word' id='word_1_836' title='bbox 584 5267 674 5313; x_wconf 90' lang='lat' dir='ltr'>autem</span> <span class='ocrx_word' id='word_1_837' title='bbox 689 5256 851 5323; x_wconf 66' lang='lat' dir='ltr'>acutioribus</span> <span class='ocrx_word' id='word_1_838' title='bbox 861 5270 928 5309; x_wconf 77' lang='lat' dir='ltr'>ntes.</span> <span class='ocrx_word' id='word_1_839' title='bbox 939 5270 986 5310; x_wconf 81' lang='lat' dir='ltr'>ex·</span> <span class='ocrx_word' id='word_1_840' title='bbox 1040 5254 1157 5309; x_wconf 82' lang='lat' dir='ltr'>interest</span> <span class='ocrx_word' id='word_1_841' title='bbox 1168 5270 1228 5322; x_wconf 80' lang='lat' dir='ltr'>oum</span> <span class='ocrx_word' id='word_1_842' title='bbox 1243 5271 1276 5310; x_wconf 81' lang='lat' dir='ltr'>rs</span> <span class='ocrx_word' id='word_1_843' title='bbox 1291 5255 1334 5312; x_wconf 90' lang='lat' dir='ltr'>lris</span> <span class='ocrx_word' id='word_1_844' title='bbox 1348 5258 1507 5314; x_wconf 86' lang='lat' dir='ltr'>lectionibus</span> <span class='ocrx_word' id='word_1_845' title='bbox 1519 5259 1688 5328; x_wconf 75' lang='lat' dir='ltr'>praeferatur.</span> <span class='ocrx_word' id='word_1_846' title='bbox 1702 5258 1728 5313; x_wconf 89' lang='lat' dir='ltr'>ld</span> <span class='ocrx_word' id='word_1_847' title='bbox 1742 5260 1832 5327; x_wconf 88' lang='lat' dir='ltr'>ipsum</span> 
     </span>
     <span class='ocr_line' id='line_1_93' title="bbox 189 5324 1834 5401; baseline -0.002 -10"><span class='ocrx_word' id='word_1_848' title='bbox 189 5345 246 5392; x_wconf 87' lang='lat' dir='ltr'>stat</span> <span class='ocrx_word' id='word_1_849' title='bbox 259 5336 378 5390; x_wconf 84' lang='lat' dir='ltr'>airtmem</span> <span class='ocrx_word' id='word_1_850' title='bbox 388 5330 501 5399; x_wconf 82' lang='lat' dir='ltr'>corpori,</span> <span class='ocrx_word' id='word_1_851' title='bbox 516 5330 711 5401; x_wconf 84' lang='lat' dir='ltr'>quodpropter</span> <span class='ocrx_word' id='word_1_852' title='bbox 726 5328 836 5384; x_wconf 85' lang='lat' dir='ltr'>terbum</span> <span class='ocrx_word' id='word_1_853' title='bbox 849 5327 986 5381; x_wconf 84' lang='lat' dir='ltr'>admiscuit</span> <span class='ocrx_word' id='word_1_854' title='bbox 1041 5324 1077 5380; x_wconf 87' lang='lat' dir='ltr'>ita</span> <span class='ocrx_word' id='word_1_855' title='bbox 1091 5325 1117 5379; x_wconf 93' lang='lat' dir='ltr'>iu</span> <span class='ocrx_word' id='word_1_856' title='bbox 1134 5324 1207 5379; x_wconf 88' lang='lat' dir='ltr'>Psal.</span> <span class='ocrx_word' id='word_1_857' title='bbox 1218 5341 1312 5393; x_wconf 83' lang='grc' dir='ltr'>ειιιν,</span> <span class='ocrx_word' id='word_1_858' title='bbox 1329 5345 1356 5382; x_wconf 91' lang='lat' dir='ltr'>n.</span> <span class='ocrx_word' id='word_1_859' title='bbox 1372 5330 1425 5391; x_wconf 76' lang='lat' dir='ltr'>lb,</span> <span class='ocrx_word' id='word_1_860' title='bbox 1452 5328 1624 5385; x_wconf 85' lang='lat' dir='ltr'>errurrtiatur:</span> <span class='ocrx_word' id='word_1_861' title='bbox 1645 5327 1706 5385; x_wconf 85' lang='lat' dir='ltr'>illis</span> <span class='ocrx_word' id='word_1_862' title='bbox 1727 5334 1834 5388; x_wconf 86' lang='lat' dir='ltr'>luroris</span> 
     </span>
     <span class='ocr_line' id='line_1_94' title="bbox 190 5395 1831 5473; baseline -0.003 -10"><span class='ocrx_word' id='word_1_863' title='bbox 190 5421 246 5463; x_wconf 89' lang='lat' dir='ltr'>nun</span> <span class='ocrx_word' id='word_1_864' title='bbox 259 5404 330 5461; x_wconf 88' lang='lat' dir='ltr'>maie</span> <span class='ocrx_word' id='word_1_865' title='bbox 345 5415 434 5459; x_wconf 87' lang='lat' dir='ltr'>sonat.</span> <span class='ocrx_word' id='word_1_866' title='bbox 459 5402 515 5456; x_wconf 84' lang='lat' dir='ltr'>iioc</span> <span class='ocrx_word' id='word_1_867' title='bbox 529 5402 628 5473; x_wconf 73' lang='lat' dir='ltr'>truiprre</span> <span class='ocrx_word' id='word_1_868' title='bbox 644 5400 744 5454; x_wconf 84' lang='lat' dir='ltr'>dictum</span> <span class='ocrx_word' id='word_1_869' title='bbox 760 5414 820 5454; x_wconf 89' lang='lat' dir='ltr'>esse</span> <span class='ocrx_word' id='word_1_870' title='bbox 834 5396 940 5453; x_wconf 90' lang='lat' dir='ltr'>ridetur</span> <span class='ocrx_word' id='word_1_871' title='bbox 952 5400 986 5454; x_wconf 92' lang='lat' dir='ltr'>de</span> <span class='ocrx_word' id='word_1_872' title='bbox 1040 5397 1147 5451; x_wconf 81' lang='lat' dir='ltr'>baumre</span> <span class='ocrx_word' id='word_1_873' title='bbox 1160 5395 1229 5467; x_wconf 78' lang='lat' dir='ltr'>ipris</span> <span class='ocrx_word' id='word_1_874' title='bbox 1237 5408 1404 5465; x_wconf 81' lang='lat' dir='ltr'>temperatur,</span> <span class='ocrx_word' id='word_1_875' title='bbox 1416 5401 1463 5455; x_wconf 87' lang='lat' dir='ltr'>laos</span> <span class='ocrx_word' id='word_1_876' title='bbox 1475 5412 1621 5457; x_wconf 79' lang='lat' dir='ltr'>eaustuaas</span> <span class='ocrx_word' id='word_1_877' title='bbox 1630 5401 1696 5471; x_wconf 79' lang='lat' dir='ltr'>ignis</span> <span class='ocrx_word' id='word_1_878' title='bbox 1710 5403 1831 5460; x_wconf 86' lang='lat' dir='ltr'>arrabarit.</span> 
     </span>
     <span class='ocr_line' id='line_1_95' title="bbox 191 5465 1833 5550; baseline -0.008 -16"><span class='ocrx_word' id='word_1_879' title='bbox 191 5478 274 5533; x_wconf 79' lang='lat' dir='ltr'>Verbi</span> <span class='ocrx_word' id='word_1_880' title='bbox 289 5491 350 5530; x_wconf 85' lang='lat' dir='ltr'>cnm</span> <span class='ocrx_word' id='word_1_881' title='bbox 363 5485 459 5529; x_wconf 88' lang='lat' dir='ltr'>natura</span> <span class='ocrx_word' id='word_1_882' title='bbox 481 5482 571 5528; x_wconf 89' lang='lat' dir='ltr'>nostra</span> <span class='ocrx_word' id='word_1_883' title='bbox 587 5471 795 5535; x_wconf 79' lang='lat' dir='ltr'>coniunctione,</span> <span class='ocrx_word' id='word_1_884' title='bbox 820 5469 985 5539; x_wconf 74' lang='lat' dir='ltr'>attactibus,</span> <span class='ocrx_word' id='word_1_885' title='bbox 1037 5465 1109 5550; x_wconf 80' lang='lat' dir='ltr'>ipsse</span> <span class='ocrx_word' id='word_1_886' title='bbox 1125 5469 1195 5545; x_wconf 78' lang='lat' dir='ltr'>intas</span> <span class='ocrx_word' id='word_1_887' title='bbox 1209 5480 1327 5539; x_wconf 76' lang='lat' dir='ltr'>curruque</span> <span class='ocrx_word' id='word_1_888' title='bbox 1340 5473 1539 5541; x_wconf 71' lang='lat' dir='ltr'>flammemur,</span> <span class='ocrx_word' id='word_1_889' title='bbox 1564 5489 1675 5545; x_wconf 74' lang='lat' dir='ltr'>pratariam</span> <span class='ocrx_word' id='word_1_890' title='bbox 1690 5492 1736 5542; x_wconf 80' lang='lat' dir='ltr'>pra</span> <span class='ocrx_word' id='word_1_891' title='bbox 1749 5477 1833 5531; x_wconf 65' lang='lat' dir='ltr'>divar.</span> 
     </span>
     <span class='ocr_line' id='line_1_96' title="bbox 192 5539 1831 5614; baseline -0.002 -9"><span class='ocrx_word' id='word_1_892' title='bbox 192 5567 222 5605; x_wconf 90' lang='lat' dir='ltr'>n.</span> <span class='ocrx_word' id='word_1_893' title='bbox 237 5550 283 5614; x_wconf 62' lang='lat' dir='ltr'>bb,</span> <span class='ocrx_word' id='word_1_894' title='bbox 299 5546 387 5603; x_wconf 83' lang='lat' dir='ltr'>insius</span> <span class='ocrx_word' id='word_1_895' title='bbox 400 5547 439 5600; x_wconf 86' lang='lat' dir='ltr'>sic</span> <span class='ocrx_word' id='word_1_896' title='bbox 453 5550 609 5600; x_wconf 89' lang='lat' dir='ltr'>enarratur:</span> <span class='ocrx_word' id='word_1_897' title='bbox 622 5542 737 5614; x_wconf 84' lang='lat' dir='ltr'>Spiritus</span> <span class='ocrx_word' id='word_1_898' title='bbox 751 5551 854 5595; x_wconf 83' lang='lat' dir='ltr'>sauctus</span> <span class='ocrx_word' id='word_1_899' title='bbox 864 5539 897 5594; x_wconf 86' lang='lat' dir='ltr'>rie</span> <span class='ocrx_word' id='word_1_900' title='bbox 908 5555 985 5607; x_wconf 75' lang='lat' dir='ltr'>stapes</span> <span class='ocrx_word' id='word_1_901' title='bbox 1036 5548 1113 5593; x_wconf 85' lang='lat' dir='ltr'>strate</span> <span class='ocrx_word' id='word_1_902' title='bbox 1122 5549 1303 5596; x_wconf 72' lang='lat' dir='ltr'>merueramus</span> <span class='ocrx_word' id='word_1_903' title='bbox 1314 5541 1399 5613; x_wconf 71' lang='lat' dir='ltr'>deficit</span> <span class='ocrx_word' id='word_1_904' title='bbox 1411 5562 1427 5599; x_wconf 93' lang='lat' dir='ltr'>a</span> <span class='ocrx_word' id='word_1_905' title='bbox 1438 5561 1464 5597; x_wconf 86' lang='grc' dir='ltr'>ιε</span> <span class='ocrx_word' id='word_1_906' title='bbox 1474 5555 1577 5611; x_wconf 79' lang='lat' dir='ltr'>tratrem,</span> <span class='ocrx_word' id='word_1_907' title='bbox 1592 5560 1638 5599; x_wconf 87' lang='lat' dir='ltr'>uee</span> <span class='ocrx_word' id='word_1_908' title='bbox 1651 5546 1747 5614; x_wconf 73' lang='lat' dir='ltr'>delicit.</span> <span class='ocrx_word' id='word_1_909' title='bbox 1761 5545 1831 5602; x_wconf 86' lang='lat' dir='ltr'>Nam</span> 
     </span>
     <span class='ocr_line' id='line_1_97' title="bbox 191 5610 1832 5692; baseline -0.002 -16"><span class='ocrx_word' id='word_1_910' title='bbox 191 5622 296 5676; x_wconf 81' lang='lat' dir='ltr'>aerriem</span> <span class='ocrx_word' id='word_1_911' title='bbox 308 5619 414 5690; x_wconf 79' lang='lat' dir='ltr'>sirpiru&#39;s</span> <span class='ocrx_word' id='word_1_912' title='bbox 424 5617 547 5671; x_wconf 85' lang='lat' dir='ltr'>irateriora</span> <span class='ocrx_word' id='word_1_913' title='bbox 556 5613 724 5682; x_wconf 68' lang='lat' dir='ltr'>sanctificarit</span> <span class='ocrx_word' id='word_1_914' title='bbox 738 5654 745 5677; x_wconf 84' lang='lat'>,</span> <span class='ocrx_word' id='word_1_915' title='bbox 763 5621 787 5667; x_wconf 88' lang='lat' dir='ltr'>et</span> <span class='ocrx_word' id='word_1_916' title='bbox 797 5612 823 5664; x_wconf 88' lang='lat' dir='ltr'>in</span> <span class='ocrx_word' id='word_1_917' title='bbox 834 5610 874 5665; x_wconf 85' lang='lat' dir='ltr'>lais</span> <span class='ocrx_word' id='word_1_918' title='bbox 884 5611 986 5677; x_wconf 84' lang='lat' dir='ltr'>spirans</span> <span class='ocrx_word' id='word_1_919' title='bbox 1038 5610 1107 5679; x_wconf 84' lang='lat' dir='ltr'>gaad</span> <span class='ocrx_word' id='word_1_920' title='bbox 1120 5620 1167 5673; x_wconf 87' lang='lat' dir='ltr'>est,</span> <span class='ocrx_word' id='word_1_921' title='bbox 1181 5622 1268 5665; x_wconf 88' lang='lat' dir='ltr'>manet</span> <span class='ocrx_word' id='word_1_922' title='bbox 1282 5629 1342 5681; x_wconf 81' lang='lat' dir='ltr'>erga</span> <span class='ocrx_word' id='word_1_923' title='bbox 1357 5630 1399 5670; x_wconf 89' lang='lat' dir='ltr'>eos</span> <span class='ocrx_word' id='word_1_924' title='bbox 1411 5616 1479 5687; x_wconf 81' lang='lat' dir='ltr'>ipm&#39;s</span> <span class='ocrx_word' id='word_1_925' title='bbox 1491 5631 1546 5670; x_wconf 83' lang='lat' dir='ltr'>esse</span> <span class='ocrx_word' id='word_1_926' title='bbox 1559 5633 1623 5686; x_wconf 80' lang='lat' dir='ltr'>quos</span> <span class='ocrx_word' id='word_1_927' title='bbox 1637 5618 1705 5684; x_wconf 88' lang='lat' dir='ltr'>urit,·</span> <span class='ocrx_word' id='word_1_928' title='bbox 1725 5629 1748 5672; x_wconf 87' lang='lat' dir='ltr'>et</span> <span class='ocrx_word' id='word_1_929' title='bbox 1762 5619 1832 5692; x_wconf 81' lang='lat' dir='ltr'>quod</span> 
     </span>
     <span class='ocr_line' id='line_1_98' title="bbox 192 5682 1693 5757; baseline -0.004 -10"><span class='ocrx_word' id='word_1_930' title='bbox 192 5703 295 5747; x_wconf 78' lang='lat' dir='ltr'>aratrum</span> <span class='ocrx_word' id='word_1_931' title='bbox 309 5707 336 5745; x_wconf 89' lang='lat' dir='ltr'>se</span> <span class='ocrx_word' id='word_1_932' title='bbox 349 5692 467 5744; x_wconf 85' lang='lat' dir='ltr'>bumame</span> <span class='ocrx_word' id='word_1_933' title='bbox 480 5687 566 5742; x_wconf 83' lang='lat' dir='ltr'>caratis</span> <span class='ocrx_word' id='word_1_934' title='bbox 579 5684 716 5739; x_wconf 87' lang='lat' dir='ltr'>imnriscuit</span> <span class='ocrx_word' id='word_1_935' title='bbox 730 5725 737 5750; x_wconf 92' lang='lat'>,</span> <span class='ocrx_word' id='word_1_936' title='bbox 761 5692 786 5738; x_wconf 86' lang='lat' dir='ltr'>et</span> <span class='ocrx_word' id='word_1_937' title='bbox 799 5683 826 5735; x_wconf 86' lang='lat' dir='ltr'>id</span> <span class='ocrx_word' id='word_1_938' title='bbox 838 5683 907 5751; x_wconf 82' lang='lat' dir='ltr'>qrrad</span> <span class='ocrx_word' id='word_1_939' title='bbox 920 5682 984 5735; x_wconf 81' lang='lat' dir='ltr'>utie-</span> <span class='ocrx_word' id='word_1_940' title='bbox 1036 5695 1088 5736; x_wconf 82' lang='lat' dir='ltr'>narr</span> <span class='ocrx_word' id='word_1_941' title='bbox 1098 5692 1146 5747; x_wconf 88' lang='lat' dir='ltr'>est,</span> <span class='ocrx_word' id='word_1_942' title='bbox 1165 5698 1265 5738; x_wconf 78' lang='lat' dir='ltr'>neeesse</span> <span class='ocrx_word' id='word_1_943' title='bbox 1277 5695 1315 5738; x_wconf 87' lang='lat' dir='ltr'>est</span> <span class='ocrx_word' id='word_1_944' title='bbox 1326 5684 1354 5739; x_wconf 86' lang='lat' dir='ltr'>t&#39;rt</span> <span class='ocrx_word' id='word_1_945' title='bbox 1366 5688 1405 5740; x_wconf 85' lang='lat' dir='ltr'>laia</span> <span class='ocrx_word' id='word_1_946' title='bbox 1420 5703 1474 5743; x_wconf 81' lang='lat' dir='ltr'>esse</span> <span class='ocrx_word' id='word_1_947' title='bbox 1487 5687 1576 5757; x_wconf 84' lang='lat' dir='ltr'>quibas</span> <span class='ocrx_word' id='word_1_948' title='bbox 1590 5703 1633 5742; x_wconf 88' lang='lat' dir='ltr'>ras</span> <span class='ocrx_word' id='word_1_949' title='bbox 1647 5698 1693 5743; x_wconf 85' lang='lat' dir='ltr'>est.</span> 
     </span>
     <span class='ocr_line' id='line_1_99' title="bbox 193 5752 1830 5833; baseline 0.001 -14"><span class='ocrx_word' id='word_1_950' title='bbox 193 5778 317 5833; x_wconf 79' lang='lat' dir='ltr'>raparum</span> <span class='ocrx_word' id='word_1_951' title='bbox 329 5770 395 5827; x_wconf 79' lang='lat' dir='ltr'>eratt</span> <span class='ocrx_word' id='word_1_952' title='bbox 409 5760 431 5814; x_wconf 83' lang='lat' dir='ltr'>ni</span> <span class='ocrx_word' id='word_1_953' title='bbox 445 5776 493 5829; x_wconf 77' lang='lat' dir='ltr'>sua</span> <span class='ocrx_word' id='word_1_954' title='bbox 505 5775 535 5812; x_wconf 87' lang='lat' dir='ltr'>aa</span> <span class='ocrx_word' id='word_1_955' title='bbox 545 5764 668 5828; x_wconf 84' lang='lat' dir='ltr'>potestate</span> <span class='ocrx_word' id='word_1_956' title='bbox 679 5756 842 5825; x_wconf 82' lang='lat' dir='ltr'>praesrtmprit</span> <span class='ocrx_word' id='word_1_957' title='bbox 853 5763 945 5831; x_wconf 75' lang='lat' dir='ltr'>ratque</span> <span class='ocrx_word' id='word_1_958' title='bbox 957 5760 985 5806; x_wconf 83' lang='grc' dir='ltr'>ιιι</span> <span class='ocrx_word' id='word_1_959' title='bbox 1073 5752 1111 5824; x_wconf 85' lang='lat' dir='ltr'>(lt)</span> <span class='ocrx_word' id='word_1_960' title='bbox 1127 5753 1204 5824; x_wconf 78' lang='lat' dir='ltr'>Apttd</span> <span class='ocrx_word' id='word_1_961' title='bbox 1220 5754 1276 5820; x_wconf 68' lang='lat' dir='ltr'>Er..</span> <span class='ocrx_word' id='word_1_962' title='bbox 1292 5754 1366 5826; x_wconf 82' lang='lat' dir='ltr'>Llps·</span> <span class='ocrx_word' id='word_1_963' title='bbox 1377 5768 1406 5816; x_wconf 90' lang='lat' dir='ltr'>et</span> <span class='ocrx_word' id='word_1_964' title='bbox 1420 5759 1493 5829; x_wconf 64' lang='lat' dir='ltr'>Pura</span> <span class='ocrx_word' id='word_1_965' title='bbox 1509 5760 1535 5815; x_wconf 90' lang='lat' dir='ltr'>iu</span> <span class='ocrx_word' id='word_1_966' title='bbox 1548 5757 1602 5815; x_wconf 70' lang='lat' dir='ltr'>beo</span> <span class='ocrx_word' id='word_1_967' title='bbox 1611 5760 1723 5817; x_wconf 78' lang='lat' dir='ltr'>tramam.</span> <span class='ocrx_word' id='word_1_968' title='bbox 1748 5761 1830 5820; x_wconf 82' lang='lat' dir='ltr'>libeat</span> 
     </span>
     <span class='ocr_line' id='line_1_100' title="bbox 195 5816 1358 5906; baseline -0.002 -18"><span class='ocrx_word' id='word_1_969' title='bbox 195 5846 227 5891; x_wconf 88' lang='grc' dir='ltr'>ιιε</span> <span class='ocrx_word' id='word_1_970' title='bbox 241 5834 304 5905; x_wconf 77' lang='lat' dir='ltr'>naid</span> <span class='ocrx_word' id='word_1_971' title='bbox 317 5846 363 5906; x_wconf 83' lang='lat' dir='ltr'>par</span> <span class='ocrx_word' id='word_1_972' title='bbox 375 5826 575 5887; x_wconf 80' lang='lat' dir='ltr'>larlecillr&#39;tut&#39;tm</span> <span class='ocrx_word' id='word_1_973' title='bbox 589 5819 697 5883; x_wconf 87' lang='lat' dir='ltr'>itutrlmtl</span> <span class='ocrx_word' id='word_1_974' title='bbox 709 5824 825 5899; x_wconf 85' lang='lat' dir='ltr'>carparis</span> <span class='ocrx_word' id='word_1_975' title='bbox 837 5823 982 5894; x_wconf 68' lang='lat' dir='ltr'>dissiderem</span> <span class='ocrx_word' id='word_1_976' title='bbox 1036 5816 1137 5880; x_wconf 80' lang='lat' dir='ltr'>taurim</span> <span class='ocrx_word' id='word_1_977' title='bbox 1147 5838 1163 5881; x_wconf 85' lang='lat' dir='ltr'>a</span> <span class='ocrx_word' id='word_1_978' title='bbox 1174 5823 1239 5883; x_wconf 78' lang='lat' dir='ltr'>bad·</span> <span class='ocrx_word' id='word_1_979' title='bbox 1252 5829 1279 5884; x_wconf 82' lang='lat' dir='ltr'>et</span> <span class='ocrx_word' id='word_1_980' title='bbox 1292 5839 1358 5886; x_wconf 85' lang='lat' dir='ltr'>tnttt</span> 
     </span>
    </p>
   </div>
   <div class='ocr_carea' id='block_1_19' title="bbox 0 0 2118 6244">
    <p class='ocr_par' dir='ltr' id='par_1_21' title="bbox 0 0 2118 6244">
     <span class='ocr_line' id='line_1_101' title="bbox 0 0 2118 6244; baseline 0 0"><span class='ocrx_word' id='word_1_981' title='bbox 0 0 2118 6244; x_wconf 95' lang='lat' dir='ltr'> </span> 
     </span>
    </p>
   </div>
  </div>
 </body>
</html>
