4209 6250
280 282 333 344 tib
878 278 1004 338 SdNCil
1018 279 1146 338 nlthltll
1165 279 1317 340 metschet
1872 284 1927 344 bit

278 416 333 459 non
352 400 389 458 ita
401 402 491 460 omnis
501 399 541 478 (ι)
551 397 705 471 conscripta
719 395 791 470 apud
805 397 941 471 Ancyram
964 396 1031 454 indes
1044 411 1075 455 se
1088 398 1115 462 A
1127 398 1171 470 qni
1184 413 1241 456 rem
1254 414 1287 469 eo
1298 399 1470 466 deducimus,
1481 409 1512 457 nt
1524 398 1586 472 qnia
1598 396 1717 471 episcopi
1729 411 1785 456 non
1798 397 1925 470 inerunt,

278 495 406 554 habebat.
427 494 486 553 lion
506 493 584 550 seme
604 491 721 550 iabuiam
743 491 857 562 loquor:
871 489 1022 546 litterarum
1046 491 1078 546 ii·
1128 505 1178 546 nos
1190 506 1297 563 quoque
1312 490 1348 565 (c)
1362 507 1411 549 nec
1423 491 1606 563 ceperimus?
1621 488 1743 547 Ordinati
1756 491 1828 546 enim
1839 492 1874 549 ab
1884 492 1929 551 his

278 590 341 648 dem
361 597 458 656 testeo,
472 583 642 644 nottalaicis
654 569 802 658 sumptam,
816 581 864 642 scd
884 582 920 639 ab
940 582 1077 655 episcopis
1126 595 1236 652 sumus,
1253 594 1282 640 ιι
1299 598 1393 641 eornm
1415 598 1510 640 sunttss
1532 596 1714 639 successores.
1731 581 1928 642 Renuntiemus

277 684 378 741 datam.
1126 679 1308 749 episcopatui,
1330 677 1372 750 (d)
1394 679 1457 750 quia
1479 674 1597 734 oiiicinrn
1619 675 1678 747 ejus
1699 675 1733 732 sit
1755 675 1928 736 nnatbemate

314 773 359 831 bs.
380 772 421 830 Aa
433 773 585 830 hontousion
604 772 798 847 suscipiendum
815 770 972 827 adhortatio.
988 768 1076 825 Nicre-
1126 770 1332 842 sumpserimus.
1357 771 1424 827 Date
1439 769 1566 838 senium,
1582 769 1709 835 Fratres,
1732 768 1819 825 dolori
1843 785 1927 827 meo:

275 883 338 922 riam
353 867 430 937 fidem
453 882 505 921 nort
527 865 578 921 nisi
600 865 750 921 exulaturus
774 863 929 921 oudine—
941 863 995 921 0ro
1010 877 1075 932 nos,
1126 863 1238 935 impium
1257 873 1299 920 est
1317 863 1353 936 (ι)
1378 863 1449 935 quod
1470 862 1588 919 audetis.
1606 861 1665 918 lion
1681 861 1769 932 patior
1790 861 1861 919 hanc
1879 878 1929 921 so-

274 958 402 1027 Fratres,
427 959 539 1017 adimite
564 959 762 1031 suspicionem,
788 956 925 1015 excludite
950 957 1073 1014 occasiu-
1127 971 1205 1026 cern,
1222 965 1251 1013 nt
1263 957 1289 1012 in
1305 955 1479 1012 anathemate
1492 954 1528 1011 sit
1547 954 1707 1011 homousion
1719 954 1867 1011 secundum
1882 971 1928 1013 re-

275 1067 338 1110 uem
348 1051 398 1124 ib).
415 1050 450 1109 th
464 1051 572 1124 probari
592 1053 677 1123 possit
696 1051 883 1121 ltomoeusiou,
901 1066 954 1108 oon
973 1051 1075 1122 impro·
1126 1049 1248 1121 ligiosnm
1263 1048 1466 1120 intelligentium
1482 1047 1627 1105 ooniilens.
1641 1045 1744 1102 Nomen
1760 1045 1829 1103 nilnil
1844 1045 1927 1105 Ιιιιιιι

274 1144 370 1203 bemus
384 1144 555 1203 homousion.
571 1144 728 1218 Cogitemus
742 1153 782 1201 tat
795 1145 950 1202 sacerdotes
964 1153 1074 1202 sanctos
1126 1144 1265 1212 criminis,
1292 1143 1364 1215 quod
1392 1157 1501 1200 sensum
1525 1157 1579 1197 non
1610 1140 1749 1211 perturbat
1773 1140 1925 1214 religionis.

274 1247 303 1296 et
321 1239 508 1310 quiescentes:
525 1238 590 1311 quid
604 1237 730 1298 detrahis
744 1236 1032 1307 oomlnnsjntllcablt,
1049 1236 1074 1293 si
1127 1240 1210 1313 510
1219 1237 1254 1311 iii
1269 1237 1443 1293 Homoension
1455 1235 1565 1302 nescio,
1582 1249 1632 1293 nce
1643 1234 1780 1305 intelligo,
1796 1234 1849 1290 nisi
1863 1243 1924 1292 tan-

275 1346 347 1389 nuoc
361 1332 650 1390 anathematizantura
669 1331 765 1388 nobisi
779 1331 848 1400 Quid
861 1331 896 1387 da
909 1331 987 1388 nobis
1001 1332 1072 1401 erit,
1127 1338 1183 1387 tum
1195 1332 1234 1406 (pi
1245 1332 1279 1388 ab
1291 1330 1388 1388 similis
1397 1330 1523 1386 essentie
1537 1326 1718 1386 conicssione.
1732 1327 1829 1385 Testor
1839 1329 1925 1388 Deum

312 1470 351 1544 (a)
370 1469 399 1526 ln
414 1470 545 1543 vulgatis,
560 1471 690 1541 scripta...
705 1488 732 1526 sc
745 1468 860 1527 haheat:
880 1481 908 1527 et
927 1485 989 1527 mos
1003 1470 1074 1542 opud
1127 1470 1194 1526 alins
1209 1487 1242 1536 n,
1257 1483 1328 1524 nunc
1341 1483 1463 1530 cussus,
1484 1484 1511 1523 ιι.
1528 1466 1581 1523 ιιι
1599 1465 1670 1530 Hoc,
1684 1465 1788 1537 inquit,
1804 1468 1834 1523 ab
1849 1467 1923 1526 initio

276 1543 343 1600 Bad.
356 1549 384 1599 ιι
408 1543 482 1609 Hir„
497 1558 549 1596 nom
562 1560 578 1597 a
591 1542 729 1599 lectoribus
752 1551 897 1614 scorpium,
911 1556 961 1612 pro
985 1559 1036 1597 non
1058 1559 1075 1597 a
1126 1542 1233 1597 emansit
1248 1542 1373 1611 Africano
1395 1539 1535 1604 assimiles,
1557 1555 1589 1594 cs
1608 1538 1785 1607 episcoporum
1799 1542 1924 1596 sententia

1127 1613 1171 1738 yssi
1188 1612 1217 1666 iu
1237 1612 1352 1667 Ecclesia
1371 1610 1490 1666 Homaua
1508 1612 1575 1665 irater
1594 1608 1759 1665 Cosilianum
1779 1618 1805 1665 ci
1825 1620 1924 1683 partem

275 1614 348 1669 iaicis
362 1623 499 1684 sunrptom.
516 1613 565 1668 Hic
586 1613 720 1685 signiilcat
738 1613 874 1680 Hilarius,
889 1629 943 1668 non
966 1613 1004 1669 ita
1016 1612 1075 1668 An·

276 1700 349 1757 cyre
371 1686 554 1756 conscriptam
570 1700 632 1741 esse
657 1685 754 1751 sudem,
776 1685 862 1756 qualis
886 1684 978 1741 Sirmii
1002 1685 1073 1740 edita
1154 1684 1224 1739 ouati
1242 1683 1442 1757 jttdienoerunt,
1466 1681 1637 1747 documenque
1659 1696 1711 1735 uno
1735 1682 1848 1752 pansam
1870 1684 1925 1739 lto-

276 1766 335 1823 est;
350 1771 433 1827 senne
457 1756 510 1813 lsoc
531 1771 584 1812 non
607 1770 717 1813 rumore
731 1756 802 1826 uulgi
813 1796 822 1823 ,
835 1755 883 1813 sed
897 1770 931 1811 ex
952 1756 1074 1826 ipsismet
1088 1782 1112 1842 B
1128 1766 1222 1810 traso...
1236 1765 1341 1810 ceteros
1356 1763 1498 1821 correctos,
1512 1752 1612 1809 ctiantsi
1625 1762 1698 1807 cetra
1716 1751 1860 1808 Ecclesiam
1880 1771 1924 1810 or-

273 1828 370 1901 synodi
393 1825 489 1884 litteris
509 1826 653 1894 didicisse;
669 1841 769 1897 easque
788 1828 892 1882 litteras
914 1841 968 1882 non
990 1827 1074 1883 laico·
1126 1825 1209 1880 dinaei
1223 1835 1323 1892 essent,
1338 1827 1364 1880 iu
1379 1826 1433 1880 suis
1449 1826 1587 1879 honoribus
1608 1823 1784 1892 suscipiendos
1796 1840 1851 1879 esse
1863 1842 1924 1881 ceu-

273 1914 355 1968 rum,
376 1898 424 1955 sed
437 1898 625 1969 episcoporum
641 1897 750 1954 nemisse
763 1897 848 1954 editas
861 1911 893 1953 ao
906 1896 1073 1968 subscriptas
1124 1908 1239 1953 suerunt.
1255 1895 1294 1951 lto
1308 1897 1388 1952 etiam
1403 1896 1514 1965 intelligi
1529 1907 1617 1964 potest
1629 1909 1661 1950 ac
1673 1895 1754 1950 dehet
1769 1907 1862 1952 noster
1874 1896 1921 1954 Hi-

274 1985 345 2027 esse.
358 1969 435 2038 Quod
450 1970 559 2025 ridetur
573 1969 693 2036 dixisse,
709 1969 770 2039 nnis
789 1969 815 2024 in
831 1968 948 2025 concilio
968 1968 1073 2024 Hedio·
1123 1968 1225 2034 larius,
1242 1979 1270 2024 us
1289 1968 1415 2023 nimirum
1430 1968 1476 2038 nui
1490 1967 1661 2038 episcopatus
1671 1965 1790 2023 oiilcium
1805 1967 1840 2022 ais
1853 1983 1920 2024 ana·

274 2041 328 2097 lan.
351 2056 397 2097 an.
419 2040 489 2106 555,
509 2040 653 2111 qrsantdam
678 2041 739 2096 iidei
761 2039 904 2097 iormniam
925 2042 1074 2096 emiserant
1125 2038 1921 2111 tlnentatesumpserint,disciplinarigoreannllasynodo

274 2110 424 2169 Constantii
440 2113 567 2177 nominc,
583 2118 614 2165 nt
626 2112 649 2166 si
662 2125 722 2167 eam
735 2112 914 2168 exitorrereut
926 2111 1071 2177 catholici,
1123 2116 1164 2167 els
1183 2110 1320 2177 relaxato,
1335 2110 1453 2181 episcopi
1468 2125 1523 2165 non
1535 2111 1607 2176 sint,
1623 2122 1672 2164 seu
1688 2124 1740 2163 nun
1755 2121 1920 2168 censeamur

275 2182 408 2240 baberent
421 2182 493 2240 unde
514 2198 544 2240 se
558 2191 740 2251 excusarent,
762 2185 800 2240 uti
821 2183 876 2253 jam
898 2184 1072 2240 observatum
1123 2197 1201 2249 esse,
1218 2197 1249 2239 ιι
1264 2180 1390 2238 videlicet
1411 2182 1533 2248 ratione,
1553 2196 1606 2252 qna
1621 2180 1779 2251 episcopos,
1798 2183 1919 2252 quamvis

274 2263 317 2311 cst
340 2272 369 2311 n.
385 2254 431 2311 ts.
446 2255 510 2312 illas
532 2264 622 2311 autem
645 2256 748 2313 litteras
770 2257 882 2313 exbibet
905 2255 1072 2327 Epiphanius
1124 2254 1243 2326 legitime
1253 2254 1465 2318 ordinatos,eos
1477 2269 1529 2308 non
1541 2266 1602 2308 csse
1611 2250 1803 2323 declaras,oui
1815 2253 1842 2309 in
1853 2268 1919 2310 ana-

275 2328 332 2382 haer
345 2342 451 2390 sssrts,
468 2344 496 2382 n.
511 2329 547 2394 ι,
561 2330 605 2401 qui
629 2338 719 2386 tamen
733 2330 876 2402 epistolam
889 2329 922 2383 cic
943 2327 1072 2383 hontousii
1124 2328 1243 2384 tinettsale
1254 2338 1317 2382 sunt
1327 2325 1476 2382 constituti.
1486 2325 1562 2382 inies
1573 2324 1672 2396 quippe
1682 2325 1825 2395 Augustini
1836 2325 1918 2394 ratio,

274 2407 300 2453 et
310 2398 443 2455 itortucusii
455 2401 612 2473 expositione
624 2403 748 2471 superius
761 2417 789 2457 n.
800 2402 849 2466 8l,
863 2400 1020 2456 summatim
1031 2414 1072 2455 re
1122 2398 1169 2455 lib.
1199 2415 1217 2454 n
1234 2409 1330 2455 contra
1353 2399 1495 2469 epistolum
1510 2395 1678 2452 Partneniani
1692 2410 1716 2451 e.
1734 2396 1787 2452 lis:
1806 2394 1841 2451 in
1860 2398 1918 2468 ipsa

272 2468 353 2525 iatam
369 2485 419 2526 nec
432 2472 490 2540 ipse
508 2471 587 2528 nobis
601 2472 769 2535 transmisit,
784 2488 835 2530 nec
848 2473 920 2529 ullus
935 2470 1014 2527 alius.
1122 2473 1271 2543 precisione
1281 2473 1386 2539 uitium,
1401 2487 1452 2526 non
1462 2473 1490 2525 in
1502 2468 1667 2524 sternumentis
1678 2484 1687 2521 .·
1700 2483 1758 2538 aaa
1767 2467 1919 2537 ubicumque

321 2542 337 2597 b
368 2541 485 2613 Suppie,
501 2544 569 2598 ιιιιιι
584 2541 616 2597 de
627 2542 697 2597 uobis
711 2544 846 2600 sentiendi.
1121 2555 1181 2599 sunt
1204 2545 1282 2614 ipsa,
1307 2559 1366 2599 uero
1391 2552 1461 2598 susrt.
1483 2541 1614 2610 Quocirca
1644 2538 1832 2611 Hieronymus,
1847 2541 1915 2597 ltltt.

320 2630 335 2666 c
364 2613 442 2678 iiim,
457 2614 532 2686 lips.
548 2623 576 2670 et
589 2614 671 2681 Pac,
686 2632 732 2670 ner
750 2618 902 2688 ceperimus.
916 2614 1010 2671 Helius
1023 2614 1070 2670 aiii
1121 2623 1214 2672 eontra
1227 2615 1412 2672 Lttciierisnos
1423 2627 1526 2669 morem
1541 2609 1690 2667 defendens
1702 2609 1845 2676 Ecclesia,
1856 2627 1919 2693 quae

272 2682 350 2751 libri,
367 2687 590 2757 perceperimus,
604 2684 701 2756 supple
712 2703 775 2742 esse.
789 2687 886 2743 Postea
897 2700 993 2743 omnes
1003 2701 1069 2741 mss.
1121 2687 1156 2743 ab
1169 2687 1275 2743 ortanus
1286 2688 1427 2742 venientes
1440 2686 1584 2756 episcopos
1599 2679 1762 2754 recipiebat,
1777 2681 1811 2736 ad
1825 2682 1919 2752 obyec·

272 2770 327 2811 uno
340 2767 471 2827 excepto,
486 2772 576 2812 sumtu
597 2758 742 2822 sucamsio,
758 2773 812 2814 non
831 2774 1000 2814 successores.
1017 2756 1069 2812 hr-
1122 2767 1178 2814 tntn
1199 2759 1270 2831 qtrod
1286 2758 1415 2828 Spiritum
1440 2763 1563 2811 sanctum
1583 2762 1712 2823 pressare
1735 2766 1788 2807 non
1809 2754 1919 2810 ualeant

290 2834 398 2882 umento
418 2828 514 2883 eodem
540 2827 654 2883 Arianos
680 2838 758 2898 urget
780 2829 954 2895 britanusius,
966 2828 1013 2884 llo.
1036 2829 1070 2885 cie
1121 2829 1161 2884 sic
1175 2830 1339 2902 respondet:
1357 2828 1387 2885 Si
1400 2828 1511 2882 Arianos
1531 2825 1658 2894 Spiritum
1672 2839 1723 2878 uon
1737 2830 1818 2892 potest
1831 2824 1914 2892 dare,

270 2841 375 2970 §ysrael
393 2912 452 2967 pag.
468 2898 531 2954 882.
548 2897 623 2965 Quo,
639 2899 745 2966 intonit,
754 2902 815 2970 jure
829 2902 879 2970 ipsi
890 2899 1003 2969 episcopi
1016 2915 1071 2954 esse
1120 2915 1153 2954 ιιι
1176 2902 1306 2970 baptisare
1327 2900 1429 2972 guidem
1453 2908 1550 2968 potest,·
1567 2899 1629 2966 quie
1648 2893 1772 2950 Ecclesia
1791 2895 1919 2966 baptismo

272 2977 407 3039 poterent,
421 2970 443 3023 si
457 2970 489 3023 ab
500 2968 643 3040 meropis,
657 2984 721 3039 quas
734 2972 786 3040 ipsi
803 2973 990 3036 crinsinantur,
1008 2985 1070 3023 cao·
1120 2971 1177 3026 sinc
1189 2972 1291 3045 Spiritu
1313 2981 1401 3028 sancto
1416 2971 1518 3024 nudant
1537 2978 1584 3024 cst.
1600 2966 1678 3024 Ultro
1691 2976 1780 3022 tamen
1793 2969 1919 3025 concedit

271 3039 354 3094 ssitnts'
367 3047 437 3094 sunt.
449 3038 607 3105 ,Sententiae
622 3038 700 3109 liujus
714 3045 847 3097 rationem
860 3043 900 3096 sic
914 3040 1003 3096 reddit
1018 3040 1070 3097 So·
1119 3040 1297 3114 Augustinus,
1308 3043 1390 3113 epist.
1410 3057 1536 3108 ccxxxv,
1558 3056 1586 3095 n.
1607 3037 1658 3101 ll,
1680 3038 1746 3166 [ιιι
1767 3039 1800 3093 ab
1822 3039 1919 3095 anhlote

271 3120 360 3166 crates
374 3109 422 3166 lib.
436 3124 468 3173 n,
482 3125 542 3180 cap.
557 3108 612 3164 lii:
628 3108 747 3176 Quonam
763 3112 840 3168 suado
858 3129 946 3170 curum
968 3111 1067 3186 (Nisae
1120 3116 1234 3184 corporis
1249 3113 1343 3171 Christi
1358 3111 1487 3180 Spiritum
1501 3119 1623 3168 sanctum
1644 3109 1677 3164 isa
1715 3107 1739 3164 ri
1757 3124 1809 3165 non
1823 3125 1912 3181 posse.

272 3196 369 3237 norum
384 3179 505 3254 Petrum)
520 3180 707 3237 mdirtntianem
724 3194 856 3254 tamquam
873 3183 980 3256 probam
990 3201 1020 3239 oc
1032 3185 1068 3239 ie·
1082 3174 1106 3239 C
1120 3184 1212 3256 Neque
1225 3186 1268 3242 iric
1288 3185 1467 3256 expendimus
1485 3199 1539 3255 quo
1557 3197 1639 3237 sensu
1661 3181 1840 3253 Hieronymus
1852 3198 1914 3238 enm

271 3253 387 3324 pirissam
407 3260 586 3324 snmeperunt,
624 3269 716 3307 aarum
739 3255 817 3324 pidem
835 3255 903 3310 uelut
923 3253 1017 3325 iaham
1037 3272 1068 3308 oe
1109 3256 1154 3312 ab
1167 3256 1336 3314 Arianodari
1351 3272 1403 3313 non
1418 3270 1497 3325 posse
1510 3253 1643 3310 inficietur
1656 3270 1663 3307 ι
1677 3252 1729 3307 ime
1742 3252 1916 3326 enimpotesi

270 3322 405 3396 reprobam
419 3322 582 3393 rejeceram?
597 3270 666 3377 Hauc
680 3324 702 3378 si
714 3325 754 3380 iiii
774 3343 825 3381 oon
845 3326 987 3380 habueruut
1006 3325 1070 3396 Spi-
1120 3328 1201 3384 eliam
1218 3328 1366 3396 veredici,
1382 3328 1430 3383 sed
1446 3326 1559 3382 alterius
1573 3337 1615 3381 est
1629 3323 1797 3394 questionis.

269 3396 349 3449 ritum
362 3401 494 3463 sarmium,
514 3395 557 3465 ptri
577 3410 623 3464 per
641 3394 829 3453 ordinationem
848 3397 1009 3468 irtsundiiur,
1023 3414 1068 3452 sa·
1156 3399 1196 3472 (d)
1217 3399 1283 3467 Quia
1296 3400 1367 3469 seii,
1384 3406 1414 3452 ul
1432 3398 1551 3470 loquitur
1565 3396 1737 3451 innocentius
1750 3395 1772 3461 l,
1787 3395 1864 3465 episi.
1882 3397 1918 3453 uri

270 3467 412 3521 cedentium
430 3481 482 3519 nou
501 3473 662 3532 acceperunt.
679 3465 813 3532 Quomodo
831 3470 898 3524 enim
918 3476 1070 3541 acceperant
1120 3468 1280 3527 iiacedones
1293 3485 1319 3527 c.
1329 3472 1367 3538 3,
1384 3468 1513 3525 Hontunsc
1526 3468 1569 3523 ιιι
1579 3477 1616 3521 ιιι
1629 3465 1918 3524 Eccicsioenanientibus

271 3536 304 3591 ab
323 3539 372 3599 iis,
392 3536 437 3607 oui
458 3553 511 3591 non
532 3536 657 3592 habehant
679 3538 749 3607 quod
772 3540 882 3595 darem?
905 3538 972 3594 Hinc
997 3541 1068 3603 apud
1119 3543 1151 3596 oh
1165 3542 1305 3608 haereticis,
1320 3558 1366 3613 per
1378 3557 1469 3596 siranus
1482 3539 1688 3610 impositionem,
1710 3538 1803 3593 iolcum
1818 3546 1917 3596 tantum

271 3607 452 3665 'lhedoretutn
473 3607 520 3663 iiis.
549 3623 576 3663 ιι
594 3608 657 3665 hist.
673 3609 741 3666 cccl.
755 3625 781 3667 c.
801 3611 855 3676 25,
870 3611 976 3681 hioyses
987 3626 1002 3665 a
1015 3609 1070 3666 Ln-
1120 3613 1230 3668 tribuere
1243 3613 1464 3681 communionem,
1479 3622 1532 3669 ιιι.

270 3682 314 3736 ιιι
327 3679 429 3735 Ariana
447 3679 599 3749 patriarcha
622 3679 804 3740 Alexandrino
823 3682 1004 3753 episcopalem
1024 3697 1069 3738 or·
1155 3683 1193 3809 Se)
1214 3685 1315 3740 lasoos
1326 3684 1372 3739 Er.
1381 3700 1443 3739 curn
1454 3684 1555 3755 aliquot
1565 3682 1762 3740 recentioribus
1772 3695 1838 3738 mss.
1849 3684 1919 3754 puna

270 3751 437 3806 dinationem
448 3749 570 3822 recipere
580 3749 754 3809 vehementer
767 3754 900 3810 recusauit
911 3753 953 3809 itis
963 3754 1067 3809 serbis:
1119 3771 1153 3809 aa
1173 3755 1215 3810 itis
1228 3771 1238 3811 .·
1252 3757 1332 3812 maie.
1348 3755 1450 3811 Deinde
1461 3756 1512 3812 soii
1525 3754 1602 3820 editi,
1613 3770 1664 3809 iton
1678 3756 1772 3823 potiar.
1790 3753 1839 3808 Hic
1852 3764 1915 3811 tan·

271 3822 343 3878 nasis
356 3830 384 3877 ut
396 3837 443 3894 epa
457 3836 534 3875 nnana
548 3830 592 3875 tuo
607 3823 711 3877 ordiner
722 3841 732 3879 .·
744 3834 768 3880 se
787 3825 854 3879 ιιιιιιι
872 3827 1005 3879 invocante
1017 3840 1069 3879 nort
1119 3826 1181 3881 dem
1194 3826 1314 3882 declarat
1330 3827 1461 3890 Hilarius,
1477 3826 1549 3896 qnod
1570 3827 1699 3881 hactenns
1716 3825 1917 3890 dissimulauit,

269 3895 412 3962 superuenit
432 3893 516 3964 pratia
539 3892 654 3961 Spiritus
671 3898 763 3950 sancti.
789 3896 846 3951 linc
872 3894 976 3951 accedit
996 3895 1068 3967 quod
1120 3896 1244 3953 uitimnrn
1257 3897 1383 3953 uidelicet
1393 3897 1544 3968 httcyrnnae
1559 3897 1653 3968 synodi
1668 3897 1826 3952 decretum:
1843 3898 1916 3967 qnod

271 3963 443 4020 innocentius
466 3962 487 4030 l,
503 3963 582 4032 epist.
598 3963 631 4018 ad
656 3965 816 4023 hiacedones
836 3981 895 4035 cap.
912 3967 946 4031 5,
964 3965 1067 4022 hahet:
1119 3982 1180 4022 cnm
1196 3968 1298 4040 reliqua
1316 3970 1428 4040 epistota
1447 3969 1516 4037 apnd
1539 3967 1718 4039 Epiphaniam
1742 3966 1808 4022 haer.
1830 3984 1914 4024 suurn

271 4034 401 4089 Asserisssr
415 4050 487 4100 eum,
501 4034 545 4105 qui
559 4035 681 4090 honorem
693 4039 792 4104 amisit,
805 4038 926 4092 honorent
940 4036 1002 4091 darc
1017 4053 1069 4093 nott
1120 4039 1249 4100 liabetur,
1271 4049 1298 4095 et
1325 4056 1399 4095 num.
1427 4040 1479 4105 tl,
1505 4039 1621 4095 reicrtur
1643 4039 1684 4095 itis
1697 4037 1787 4094 seritis
1808 4038 1863 4094 :tsi
1873 4062 1919 4102 τις

269 4122 359 4177 posse,·
372 4121 417 4160 nec
431 4103 504 4158 iiiam
517 4105 615 4175 aliquid
637 4111 779 4178 accepisse,
796 4109 858 4180 qnia
870 4108 936 4163 niirii
951 4111 977 4161 in
992 4107 1069 4163 dante
1119 4111 1221 4176 ἐξαισία
1243 4116 1287 4167 καὶ
1299 4113 1374 4168 obsis
1392 4112 1471 4183 λέγων
1491 4112 1535 4168 τὸν
1552 4112 1652 4185 Πατέρα
1664 4112 1767 4185 πατέρα
1779 4117 1827 4166 τοῦ
1840 4118 1916 4177 stab,

269 4186 339 4242 erat,
351 4175 420 4249 puoh
431 4175 476 4230 ilic
489 4185 575 4244 posset
586 4178 710 4246 accipere.
724 4180 930 4251 Aspuiescimns,
944 4187 968 4234 ιι
980 4194 1068 4235 uerrtm
1119 4171 1254 4255 ὄμοιύὸιοι
1266 4182 1294 4239 δι
1306 4182 1322 4244 ι
1333 4172 1503 4239 sissinium
1516 4183 1635 4255 iiposms
1645 4182 1701 4238 Υιὸν
1713 4190 1750 4253 τῷ
1758 4194 1812 4239 llas
1829 4184 1918 4251 imini-

269 4256 316 4303 esi.
332 4247 473 4315 Certhuia
485 4246 554 4317 quoti
567 4263 618 4302 non
631 4249 733 4320 habuit,
747 4252 809 4307 dare
822 4266 874 4306 noo
882 4251 982 4323 patuit;
995 4250 1069 4305 dam-
1118 4254 1185 4336 ispa
1197 4253 1275 4311 iarn.
1291 4253 1323 4311 Si
1335 4256 1392 4324 puis
1404 4251 1507 4308 Patrem
1520 4262 1644 4324 potestate
1656 4254 1733 4308 simui
1742 4262 1767 4309 es
1775 4201 1919 4309 etiamne

269 4321 399 4375 stationem
420 4321 524 4386 atique,
539 4334 617 4389 quam
635 4319 740 4388 habuit,
754 4340 800 4394 pes
813 4338 905 4377 marsus
926 4322 1069 4385 impositio-
1118 4321 1183 4379 Ftiii
1225 4334 1305 4379 assem
1329 4341 1460 4389 asumma,
1483 4325 1723 4380 consubstantialem
1741 4325 1781 4380 ιιι
1804 4325 1918 4391 eiusdem

269 4406 327 4445 nens
341 4389 469 4445 dedisset
488 4389 532 4460 oni
547 4390 674 4463 particeps
685 4396 770 4464 [actm
789 4403 827 4449 cst
846 4394 984 4455 damnato.
1003 4409 1068 4461 quo·
1118 4410 1177 4451 aum
1217 4397 1432 4452 atresubstamioe
1446 4393 1546 4449 Fiis'um
1555 4412 1609 4451 csse
1622 4395 1705 4464 ιιιιιι,
1720 4395 1857 4451 anathema
1870 4397 1916 4452 sit.

269 4461 346 4516 strabo
367 4459 456 4516 aetem
470 4462 737 4533 itonoremacciperc,
751 4465 930 4521 lucenicanus
950 4479 1065 4531 possunt.
1155 4466 1191 4539 (i)
1209 4468 1385 4523 carnutensis
1407 4467 1512 4532 codex,
1528 4481 1598 4523 ustus
1617 4465 1693 4522 colo.
1710 4473 1738 4521 et
1759 4467 1828 4524 aiter
1844 4466 1913 4523 Ser·

269 4530 310 4588 Oh
324 4530 514 4616 baculisque
524 4531 633 4617 Passum
645 4536 747 4604 uerba,
763 4537 880 4592 maxime
894 4551 927 4591 es
947 4535 1066 4591 cononis
1079 4567 1105 4628 D
1117 4536 1200 4604 bon,
1215 4538 1368 4595 homousian
1385 4540 1486 4602 nucia,
1501 4551 1572 4603 ete,
1587 4552 1667 4606 ouum
1689 4538 1830 4593 lectionem
1844 4539 1917 4595 nitro

269 4603 411 4661 Hemensss
426 4617 585 4672 nccasmne,
602 4605 767 4676 disputatum
781 4616 823 4663 est
837 4622 870 4662 an
891 4606 978 4662 salida
993 4615 1067 4661 esset
1119 4607 1325 4679 praeierresnus,
1340 4609 1364 4665 si
1384 4609 1506 4665 sinerent
1529 4610 1616 4680 prima
1634 4608 1826 4680 subsequentis
1846 4618 1918 4666 notm

267 4675 386 4745 episcopi
406 4674 574 4730 coonsecratio
595 4676 629 4731 ab
653 4678 685 4732 iis
710 4678 799 4739 laem.
820 4678 866 4748 qui
891 4677 1065 4733 anathemate

268 4744 388 4802 damnati
407 4753 495 4802 erant.
514 4745 609 4801 iiernm
625 4762 657 4802 es
677 4747 768 4804 uerbis
791 4749 939 4805 innocentii
962 4748 1063 4818 liquet,

268 4833 330 4873 curn
346 4833 399 4874 non
413 4826 466 4872 ιιιιι
482 4830 594 4885 negasse
607 4818 732 4875 collatam
748 4819 961 4884 ordinationem,
983 4833 1064 4888 quam

267 4890 372 4946 ordinis
392 4888 538 4951 bonorem,
558 4896 586 4943 et
605 4888 689 4958 ipsius
710 4890 856 4948 exercendi
878 4898 1063 4961 potestatem:

267 4963 345 5031 quia,
358 4960 460 5032 inquit,
471 4969 564 5013 nostre
573 4957 615 5013 lea
622 4970 660 5013 est
668 4959 803 5028 Ecclesie,
813 4959 945 5017 ammisit
954 4962 1064 5088 adfinem

265 5033 294 5086 in
314 5033 449 5086 elaeatae
475 5030 598 5085 itonarcm
621 5032 660 5086 oei
682 5033 802 5106 reipsum
820 5034 967 5104 subrogare.
1012 5033 1065 5089 tutia

267 5102 340 5174 quod
351 5103 461 5160 horisius
473 5109 621 5168 statuerat,
638 5111 667 5158 ut
683 5119 698 5158 a
711 5104 817 5161 Βιιιοιο
829 5103 947 5161 ordinati
962 5105 1065 5175 recipe·

268 5185 377 5240 rentur,
400 5174 523 5244 utramvis
545 5181 640 5227 contra
662 5175 804 5246 pristinum
828 5191 952 5242 morem,
974 5183 1064 5231 sannen

270 5262 319 5312 pro
334 5246 448 5303 utilitate
464 5243 592 5300 Ecclesia
605 5246 657 5301 rite
676 5248 809 5304 sancitum
824 5263 886 5304 csse
901 5263 954 5302 non
973 5256 1064 5316 erogat.

270 5318 381 5375 Fatetur
393 5314 493 5382 etium,
509 5314 687 5373 Narratisnisa
701 5319 921 5390 Nieaeoasynodo
930 5318 1065 5374 indultum

270 5404 346 5458 esse,
360 5399 389 5444 nt
408 5388 441 5443 ad
457 5386 605 5443 Ecclesiam
630 5390 775 5449 redeuntes
786 5393 815 5447 ιιι
829 5391 907 5448 Ciero
921 5405 1066 5462 permane·

270 5472 331 5521 rent
345 5480 353 5518 t
369 5463 420 5518 hoc
438 5459 545 5515 ceteris
559 5460 595 5513 ita
614 5471 739 5533 negatum
757 5478 819 5520 esse
832 5477 1020 5534 propugnans,
1036 5472 1066 5519 nt

269 5543 298 5593 et
319 5535 437 5608 potuisse
450 5529 577 5595 concedi,
592 5541 619 5586 es
636 5535 706 5603 quod
723 5545 849 5606 negatum
863 5535 958 5601 luerit,
974 5548 1009 5590 ex
1023 5534 1066 5591 di·

269 5609 390 5680 scipiinse
404 5600 611 5683 consuetudine,
628 5618 681 5660 non
695 5614 785 5661 autem
798 5606 870 5674 ouod
885 5608 959 5662 irrisa
972 5606 1066 5663 existi·

267 5689 390 5734 maestus
411 5675 600 5728 inmensorum
621 5674 773 5743 ordinatio,
798 5676 898 5734 iactum
914 5691 975 5733 esse
998 5678 1065 5737 satis

270 5748 379 5817 indicet.
393 5744 448 5801 Sed
462 5753 490 5798 et
505 5742 633 5803 liemarum
647 5746 774 5818 Ecclesia
788 5748 869 5817 quale
882 5764 914 5803 ca
927 5749 961 5803 de
974 5763 1005 5803 rc
1021 5752 1065 5816 jn·

268 5818 368 5872 otiolum
383 5811 480 5876 inerit,
501 5808 626 5882 locuples
649 5815 724 5871 testis
739 5825 782 5873 ess
794 5816 971 5887 augustinum
982 5817 1061 5886 epist.

1119 4681 1293 4752 apologeticas
1306 4681 1398 4736 rerba.

1155 4749 1166 4824 (
1185 4750 1195 4823 )
1214 4750 1252 4807 lta
1267 4766 1328 4806 cnm
1347 4752 1432 4808 trihus
1447 4750 1583 4821 predictis
1597 4766 1664 4807 mss.
1679 4751 1724 4806 aiii
1740 4752 1803 4807 dno.
1820 4754 1856 4808 ht
1868 4751 1916 4808 Er.

1119 4831 1147 4878 et
1167 4769 1241 4894 [ips
1256 4831 1283 4879 el
1296 4822 1374 4889 Pan,
1393 4824 1484 4878 similis
1499 4823 1614 4878 essentie
1633 4821 1827 4894 costiessiostcns.
1849 4823 1917 4879 aaa.

1118 4907 1180 4948 cuttt
1206 4894 1327 4964 pluribus
1341 4907 1420 4960 mss,
1441 4894 1566 4949 absimilis
1580 4895 1697 4950 mserttice
1721 4894 1917 4964 confessionem.

1116 4962 1189 5021 Loco
1202 4964 1342 5033 ohsirniiis,
1356 4979 1411 5020 non
1425 4965 1581 5036 displiceret
1605 4967 1637 5020 ob
1659 4966 1769 5032 similis,
1789 4967 1831 5021 sel
1853 4980 1915 5022 euru

1116 5051 1168 5091 ms.
1185 5035 1313 5094 German.
1330 5036 1365 5091 nh
1378 5037 1488 5107 antiqua
1510 5053 1589 5092 snann
1611 5036 1728 5091 secunda
1740 5079 1749 5106 ,
1763 5038 1797 5091 od
1815 5036 1917 5093 martiis.

1117 5105 1183 5163 Post
1198 5110 1254 5165 ime
1268 5107 1351 5163 verba
1366 5107 1487 5177 sequitur
1500 5109 1527 5162 in
1550 5122 1614 5163 mss.
1632 5122 1704 5179 saepe
1723 5107 1778 5180 ism
1803 5107 1918 5165 laudatis

1117 5187 1254 5247 postrema
1268 5180 1326 5233 haec
1337 5177 1476 5249 Apologia
1489 5193 1571 5247 pars:
1587 5177 1720 5249 Numquid
1730 5180 1831 5247 uidear,
1847 5181 1917 5249 qnod

1116 5250 1229 5315 nesciui,
1242 5251 1351 5324 probare
1370 5251 1501 5324 potuisse?
1514 5249 1576 5305 Nan
1590 5254 1688 5318 stipae.
1704 5248 1758 5306 Sed
1770 5253 1831 5321 onio
1850 5251 1918 5321 ficies

1117 5320 1244 5376 catholica
1263 5338 1314 5376 non
1329 5322 1417 5378 debeat
1439 5323 1490 5377 nisi
1511 5338 1555 5393 per
1577 5325 1699 5377 unitatem
1720 5324 1915 5377 similitudinem

1117 5391 1237 5459 credere,·
1250 5403 1277 5447 tsi
1288 5392 1482 5449 similitudinem
1492 5402 1591 5448 tansum
1600 5394 1635 5449 osi
1647 5393 1832 5449 excludendam
1842 5394 1919 5448 arsio-

1117 5479 1176 5519 nens
1187 5475 1381 5529 commentores,
1405 5480 1456 5519 non
1475 5466 1510 5519 eti
1524 5465 1662 5520 amittam
1679 5466 1807 5520 unitatis:
1820 5464 1918 5521 idcirce

1118 5551 1158 5590 me
1171 5537 1243 5601 dimi,
1257 5553 1316 5591 eum
1328 5538 1432 5593 nantino
1446 5537 1573 5592 homousii
1585 5547 1662 5606 atpnc
1676 5536 1809 5591 homoensii
1823 5538 1919 5591 stersis-

1118 5623 1170 5662 sem
1191 5596 1347 5678 (mendose
1368 5611 1396 5664 in
1420 5621 1486 5664 mss.
1514 5623 1569 5663 uno
1590 5608 1740 5664 recentiore
1763 5606 1845 5663 Carsu.
1867 5622 1918 5663 es·

1118 5689 1208 5749 cepto,
1221 5680 1402 5744 mariammes
1413 5693 1476 5735 mox
1487 5678 1665 5750 recepissem),
1676 5687 1760 5733 tontest
1770 5695 1816 5751 per
1830 5682 1917 5734 uniso-

1117 5760 1168 5805 tens
1179 5748 1376 5805 similitudinem
1387 5751 1520 5821 recepisse.
1536 5748 1593 5804 Hoc
1606 5751 1693 5821 ipsam
1707 5751 1796 5805 statim
1809 5764 1918 5821 repuens

1116 5822 1240 5877 molentis
1252 5821 1377 5901 absolsit:
1391 5817 1481 5878 Tsslar
1497 5818 1580 5877 henot
1590 5818 1663 5891 stell,
1675 5820 1729 5878 eici
