4209 6250
315 298 347 354 'll
936 300 1059 361 saneti
1079 301 1207 359 lilballil
1227 303 1377 362 uutscout
1934 307 1972 364 ti

315 417 352 472 lin
369 416 524 489 iroqtrenter
545 415 667 489 intelligi.
693 418 787 488 lnquo
817 416 882 474 uiltil
909 419 1027 487 scrupuli
1051 429 1112 474 est:
1127 420 1285 498 parabat:
1313 418 1384 492 quad
1411 419 1532 478 Samaria
1557 418 1591 476 ari
1622 418 1791 477 adorandum
1809 421 1893 478 berun
1922 438 1970 490 quer

319 508 376 564 sire.
391 512 463 564 ettittt
476 509 567 576 Pater,
584 509 640 565 sire
656 508 749 576 filius,
770 508 810 584 (l)
835 511 874 581 (ιι)
898 512 926 566 ἐι
948 511 1065 582 Spiritus
1089 522 1117 567 et

318 615 428 659 sanetus
442 613 492 659 est.

354 694 407 768 45
433 696 464 752 Sl
472 736 478 750 .
503 694 560 764 Quo
574 695 777 751 rationedictum
790 696 833 760 sit,
855 693 926 748 Drus
940 696 1055 766 Spiritus
1069 704 1115 751 εει.

318 788 400 845 Error
410 788 583 846 Seumritomu
594 788 676 846 Deum
685 789 779 858 templo
790 789 828 844 uei
840 788 1118 845 rrroutecioudetttis.—-

316 882 369 939 Sed
384 880 410 937 id
426 881 497 955 quod
511 883 537 937 in
553 881 706 954 Erartgeliis
724 882 836 953 iegitur,
850 882 917 951 Quin
934 880 1001 935 Deus
1011 882 1118 952 spiritur

314 987 352 1032 εει
359 973 448 1046 (Joou.
461 992 498 1044 tr,
512 976 572 1046 it).
584 975 726 1047 diligenter
739 987 779 1031 est
790 976 971 1031 contuendum
982 974 1118 1045 quomodo

317 1077 411 1140 etqua
431 1069 537 1125 ratione
560 1069 596 1124 sit
622 1068 737 1124 dietum.
764 1067 851 1124 Omne
876 1068 948 1124 enim
973 1067 1074 1123 dietum
1089 1077 1118 1123 ut

314 1160 420 1217 dieatur
444 1176 479 1218 ex
494 1176 574 1218 eausa
589 1171 649 1229 eat,
675 1171 703 1217 et
722 1161 787 1217 dieti
803 1161 872 1217 ratio
895 1175 929 1218 ex
957 1174 1038 1216 sensu
1064 1161 1118 1218 erit

315 1252 491 1325 intelligenda
506 1253 546 1326 (p)
561 1252 668 1310 dicentii
679 1270 686 1319 ;
698 1269 733 1309 ne
744 1254 805 1324 quia
820 1267 982 1325 responsum
995 1270 1011 1307 a
1024 1252 1118 1308 Domi·

315 1360 351 1401 tto
365 1356 417 1410 est,
441 1346 555 1418 Spiritus
571 1347 640 1402 Deus
653 1355 704 1410 est.
721 1347 822 1402 ideireo
835 1362 896 1402 rum
925 1346 1011 1401 saneti
1029 1343 1116 1416 Spiri-

313 1446 357 1494 tus
372 1439 481 1495 nornine
492 1448 519 1495 et
533 1453 597 1495 usus
614 1450 726 1511 negetur
737 1446 765 1495 et
778 1440 890 1493 donum.
906 1435 974 1493 Cum
996 1436 1118 1494 Satnari·

315 1540 377 1587 tona
404 1532 518 1588 Domino
545 1541 604 1588 erat
618 1548 708 1589 sermo
728 1550 735 1587 ε
753 1531 948 1593 veneratenim
965 1531 1116 1602 redemptio

317 1625 519 1681 universorum.
542 1625 591 1681 Cui
613 1625 802 1695 postmultum
822 1638 974 1680 sermonem
988 1621 1024 1697 (r)
1038 1638 1116 1691 aquae

316 1715 397 1784 risse,
421 1726 448 1773 et
469 1717 744 1788 quinqueremem,
771 1727 799 1774 et
813 1732 886 1773 nuno
912 1720 972 1788 elus
986 1718 1116 1787 quiesset

1170 513 1412 584 transgressionem
1428 511 1495 581 lepis
1508 513 1596 569 locunt
1611 512 1713 569 naumis
1726 514 1865 584 elegerat,
1879 514 1970 570 iudai

1169 622 1234 661 uero
1248 609 1376 678 tetrtplum
1389 621 1404 661 a
1420 607 1568 663 Salomone
1576 606 1714 662 eonditum
1728 607 1866 678 religionis
1876 606 1969 663 sedeat

1168 698 1375 754 existimabant:
1391 713 1507 769 quorum
1520 708 1699 770 utrorumque
1713 699 1910 770 presumptio,
1924 710 1971 754 aut

1168 791 1247 846 rallis
1268 789 1351 858 edito,
1367 798 1413 845 aut
1433 800 1581 847 exstructae
1605 789 1703 847 donnus
1729 805 1868 857 eorieavo,
1886 792 1969 847 bourn

1167 879 1238 939 intra
1254 899 1334 954 quem
1361 883 1451 938 urnula
1479 892 1507 938 et
1530 893 1605 939 extra
1623 898 1703 956 quem
1720 883 1788 938 triltil
1811 885 1869 955 ejus
1884 900 1969 956 capax

1168 983 1225 1040 est,
1245 974 1411 1030 continebat.
1433 973 1504 1045 Ergo
1518 974 1579 1042 quin
1597 975 1667 1030 Deus
1691 974 1846 1041 inuisibilis,
1866 974 1970 1030 iucom-

1169 1064 1368 1136 preheusibilis‚
1379 1064 1653 1139 itutneususlffiese
1668 1067 1707 1121 ait
1717 1065 1846 1122 borrtiuus
1861 1069 1970 1124 uenisse

1169 1164 1324 1230 tempus,ut
1336 1176 1390 1215 nnn
1407 1160 1433 1215 in
1450 1169 1542 1216 tnottte
1553 1163 1592 1216 rel
1604 1160 1705 1230 templo
1720 1160 1789 1215 [leus
1801 1161 1838 1216 sit
1850 1159 1968 1217 adoran·

1168 1249 1236 1308 dus:
1253 1252 1314 1322 quio
1325 1253 1432 1323 spiritua
1446 1251 1517 1307 Deus
1536 1262 1591 1320 est,
1616 1262 1642 1308 et
1654 1252 1764 1323 spiritus
1784 1267 1834 1307 nee
1852 1254 1969 1308 eircum-

1167 1345 1306 1411 seribitur‚
1322 1353 1506 1414 necteretur,
1521 1343 1562 1417 (ιι)
1575 1347 1619 1416 qui
1636 1359 1684 1415 pur
1698 1352 1799 1400 ιειιιιεε
1812 1359 1868 1400 strae
1883 1347 1968 1401 uirtu-

1168 1444 1222 1493 tem
1237 1438 1336 1509 rtbiqtte
1358 1447 1415 1507 est,
1440 1452 1528 1510 nrqtte
1544 1454 1656 1508 usquam
1679 1437 1773 1504 abest,
1791 1437 1817 1492 iu
1843 1440 1969 1494 omnibus

1167 1534 1257 1588 omnis
1280 1532 1452 1589 exuberans:
1475 1532 1524 1588 lrrts
1536 1532 1617 1604 igitur
1631 1547 1711 1588 ueros
1723 1546 1785 1588 esse
1797 1531 1967 1599 adoratores,

1166 1628 1212 1698 qui
1229 1628 1255 1680 itt
1278 1628 1379 1697 Spiritu
1391 1638 1418 1682 et
1432 1626 1545 1682 veritate
1560 1628 1615 1681 sittt
1635 1625 1785 1681 adoraturi.
1807 1626 1970 1683 adoraturis

1167 1731 1257 1778 auteur
1273 1722 1301 1777 in
1318 1722 1420 1792 Spiritu
1437 1722 1520 1777 beum
1532 1721 1663 1791 Spiritum
1676 1762 1683 1785 ‚
1697 1718 1732 1793 (ε)
1745 1718 1814 1776 alter
1828 1721 1853 1774 in
1866 1721 1968 1787 nitieio,

315 1809 581 1883 alienus(iirid.,ill),
595 1810 690 1867 mulier
700 1810 853 1881 respoudit:
866 1810 985 1877 Domine,
994 1809 1114 1865 utriumd·
1129 1815 1236 1894 Baiter
1250 1813 1277 1870 in
1292 1813 1395 1869 bonnm·
1410 1825 1448 1869 est
1462 1831 1469 1881 ;
1485 1812 1547 1885 quin
1569 1812 1716 1868 discretum
1730 1821 1772 1869 est
1783 1812 1810 1866 in
1828 1829 1882 1882 qun
1895 1812 1971 1883 quis·

316 1913 386 1959 uerte
400 1904 468 1975 quod
491 1901 617 1976 propbeta
640 1919 675 1959 εε.
691 1901 780 1958 Patres
808 1901 890 1957 nostri
912 1903 940 1955 iu
965 1911 1050 1956 moute
1069 1902 1117 1955 ime

315 1995 505 2060 odoraremur
519 2005 542 2049 et
556 2009 601 2050 uos
615 1993 700 2049 dicitis
711 1993 833 2064 quonium
853 1994 879 2048 iu
894 1990 1066 2064 ierosolymis
1079 2000 1117 2047 εει

316 2087 387 2141 loeus
398 2086 440 2141 ubi
454 2085 565 2141 adorare
580 2094 689 2156 oportet.
708 2085 838 2141 Dontittus
859 2084 1000 2156 respondit
1014 2104 1021 2140 ε
1034 2082 1118 2140 Crede

319 2176 394 2246 milti,
404 2178 508 2246 mulier,
521 2180 643 2250 quonium
657 2180 722 2234 osuit
734 2180 809 2246 itum,
825 2180 929 2248 quaudo
941 2177 1118 2248 usqueiuisto

317 2281 413 2338 oronte,
427 2287 508 2341 usque
520 2272 546 2325 in
560 2268 731 2343 ierosolymis
754 2269 895 2325 adorabitis
923 2268 1036 2325 Patrem.
1063 2268 1117 2324 Vos

315 2363 430 2420 adoratis
452 2363 521 2434 quod
547 2364 661 2429 ιιεεείιιι,
689 2380 735 2419 uos
755 2363 894 2419 odoremus
918 2363 1115 2435 quodecimus,

315 2459 438 2530 quonium
451 2458 524 2514 seius
543 2473 575 2513 εε
592 2455 695 2514 iudeis
714 2466 761 2513 est.
778 2457 831 2515 Sed
843 2457 910 2512 uenit
921 2455 996 2523 iore,
1011 2466 1035 2510 et
1048 2472 1118 2510 nuuc

312 2561 365 2619 εει,
378 2568 437 2606 ειιιιι
451 2552 502 2607 neri
520 2552 672 2607 adoratores
699 2551 844 2607 adorabunt
859 2549 964 2606 Putrem
975 2551 1002 2605 in
1014 2549 1119 2617 Spiritu

313 2653 339 2699 et
351 2645 458 2699 ueritate
468 2658 478 2699 t
490 2645 582 2701 etenim
601 2643 679 2699 Pater
693 2646 757 2700 ιιιιεε
769 2646 860 2715 ᾳιιιειὶι
873 2646 917 2716 qui
926 2646 1035 2700 adurent
1048 2659 1116 2699 euru.

317 2734 432 2807 Spiritus
454 2736 522 2791 eninr
534 2734 605 2793 deus
617 2746 675 2804 ιιι,
690 2746 714 2793 ει
726 2738 865 2793 odorantes
880 2753 956 2804 eum,
971 2738 999 2791 iu
1013 2736 1117 2806 Spiritu

315 2837 339 2883 et
349 2829 453 2885 ueritate
461 2829 694 2901 oportuniorem,
705 2832 766 2902 quio
774 2831 845 2886 beas
855 2831 959 2903 spiritus
970 2839 1008 2887 εει
1020 2829 1116 2903 titii..

316 2919 351 2976 il
366 2931 390 2978 ει
404 2920 500 2995 seqq).
515 2924 611 2979 liulier
625 2924 706 2995 igitur
729 2926 902 2982 traditionum
915 2941 1019 2982 mentor
1029 2935 1119 2995 pater·

317 3028 431 3080 narum,
458 3016 501 3072 trel
528 3026 663 3088 tanlquam
678 3017 799 3074 Samaria
825 3020 972 3086 dimonte,
989 3020 1033 3077 vel
1050 3028 1119 3075 tanr-

318 3122 399 3181 qunnt
414 3108 565 3168 ierusalem
580 3111 719 3183 intemplo
738 3112 905 3171 adorandum
919 3114 1004 3171 beuttt
1026 3115 1118 3174 existi·

355 3247 395 3323 (l)
411 3246 444 3303 iit
458 3246 574 3318 Spiritus
587 3257 690 3304 sonetur
703 3257 749 3305 εει.

1166 1923 1219 1979 que
1232 1909 1441 1964 sltadorandus.
1457 1907 1515 1964 Non
1530 1907 1602 1964 enim
1620 1906 1690 1962 tollit
1704 1908 1789 1961 saneti
1802 1905 1918 1977 Spiritus
1941 1913 1971 1963 el

1169 2017 1269 2059 nonten
1284 2012 1311 2058 et
1322 2002 1437 2069 donum,
1451 2004 1513 2074 quia
1527 2003 1627 2058 dietum
1640 2013 1700 2067 est,
1714 2000 1782 2057 Deus
1796 2000 1911 2073 Spiritus
1920 2011 1968 2058 εει.

1169 2094 1338 2169 Responsum
1351 2104 1441 2151 autent
1453 2106 1494 2150 est
1506 2095 1611 2150 mulieri
1627 2095 1710 2149 ileum
1725 2093 1827 2164 irrupto
1838 2103 1865 2149 et
1878 2103 1970 2149 tttonte

1167 2192 1315 2260 claudenti,
1328 2207 1389 2248 esse
1404 2191 1495 2247 omnia
1507 2190 1532 2246 in
1546 2192 1618 2257 ileo,
1632 2189 1715 2244 ileum
1730 2190 1755 2243 itt
1766 2189 1926 2257 sernutipso,
1943 2195 1971 2242 et

1170 2283 1333 2340 invisibilem
1359 2294 1441 2353 atque
1465 2280 1765 2349 ittcomprulteusibilent
1794 2280 1820 2335 iu
1849 2281 1881 2334 iis
1909 2294 1971 2349 qum

1170 2376 1315 2433 inuisibilia
1337 2387 1365 2433 et
1390 2374 1675 2445 incomprehensibilia
1703 2379 1767 2428 sunt
1791 2371 1970 2426 adoraudum.

1170 2470 1259 2538 ilique
1270 2470 1306 2522 ita
1321 2476 1415 2522 natura
1430 2476 1458 2522 et
1471 2467 1589 2521 muneris
1603 2475 1631 2520 et
1645 2464 1757 2519 ltnunris
1772 2464 1808 2536 (s)
1823 2463 1971 2535 significata

1171 2571 1228 2625 est,
1242 2576 1303 2617 oum
1320 2561 1346 2615 iu
1366 2559 1468 2631 Spiritu
1498 2559 1580 2614 ileum
1605 2558 1737 2629 Spiritum
1750 2557 1842 2613 docuit
1854 2557 1969 2613 adoran·

1172 2653 1253 2720 dum,
1269 2662 1296 2709 et
1310 2652 1462 2708 libertatem
1475 2668 1505 2708 ac
1516 2653 1658 2709 seientiam
1669 2652 1851 2717 adorantium,
1863 2663 1890 2708 et
1905 2654 1971 2707 atto·

1169 2748 1246 2803 randi
1263 2745 1302 2821 (p)
1327 2747 1498 2814 iulittitatem,
1518 2746 1581 2801 dum
1606 2745 1633 2800 in
1648 2744 1751 2816 Spiritu
1768 2745 1839 2802 [leus
1854 2746 1972 2816 Spiritus

1168 2842 1315 2911 adoratur,
1330 2844 1373 2913 (ιι)
1387 2843 1545 2899 ostendens.

1205 2936 1251 2992 ei.
1260 2935 1353 2994 Simile
1364 2936 1426 2991 lrttie
1435 2936 1516 2992 etiarn
1529 2936 1594 2992 illud
1602 2935 1723 3008 Apostoli
1734 2943 1775 2991 est
1786 2954 1793 2991 ε
1802 2934 1871 3003 Quia
1882 2932 1974 2988 Douri-

1170 3046 1219 3084 uus
1233 3029 1348 3102 Spiritus
1362 3041 1409 3096 est,
1424 3030 1466 3085 ubi
1488 3041 1574 3086 eutem
1600 3030 1713 3101 Spiritus
1736 3029 1841 3086 Domini
1868 3039 1916 3096 rat,
1936 3027 1974 3082 ibi

1170 3120 1275 3179 liberter
1285 3133 1322 3179 est
1336 3121 1370 3198 (tl
1384 3124 1444 3179 Cor.
1459 3139 1499 3191 ut,
1516 3122 1573 3194 tit.
1592 3122 1728 3182 bisererit
1739 3125 1771 3181 ad
1786 3121 1972 3195 intelligentiae

355 3362 393 3435 (ιι)
410 3362 504 3446 Plures
526 3376 593 3418 mss.
617 3363 678 3418 etim
691 3363 822 3448 uulgaris,
836 3375 863 3421 ει
888 3364 1002 3451 Spiritus
1013 3377 1118 3453 saueius
1131 3373 1154 3437 C
1169 3374 1196 3429 iu
1207 3392 1236 3431 eu
1250 3377 1352 3446 quidem
1376 3379 1487 3435 ιιιιιεὶιιιε
1509 3396 1560 3433 oon
1575 3388 1740 3453 rumperetur
1759 3396 1806 3435 rme
1819 3389 1974 3447 ,coequatur

318 3446 366 3491 εει.
382 3433 555 3490 Praesertmus
576 3448 638 3488 euru
660 3450 714 3488 tuto
729 3438 823 3492 oodtce
848 3436 945 3499 latre..
970 3440 1024 3494 etS
1044 3450 1119 3498 trtius
1171 3443 1259 3503 Filius
1274 3449 1357 3515 Patri,
1376 3452 1437 3505 dum
1459 3450 1577 3506 subditus
1592 3468 1637 3522 per
1650 3451 1973 3521 obedientiuobsequrimu

318 3516 343 3561 ει
352 3518 456 3560 sanstus
467 3516 520 3572 est,
536 3504 587 3560 nisi
603 3505 752 3562 maliserttn
766 3518 859 3565 uetere
873 3509 995 3566 Galbae
1034 3528 1117 3569 erun:

317 3578 370 3632 siue
385 3575 470 3631 Filius
483 3585 520 3630 εει
534 3585 638 3631 mucius
652 3575 778 3645 Spiritus.

353 3646 396 3721 (il
414 3648 494 3712 llrliti,
511 3647 630 3702 dicentis.
646 3646 801 3718 Leqeudttm
817 3665 878 3706 esse
896 3651 999 3708 dicendi
1013 3654 1118 3723 passive

320 3728 375 3776 tum
386 3720 521 3791 potiorum
537 3734 603 3774 mss.
618 3721 776 3788 auotoritas,
796 3730 850 3776 turn
866 3721 925 3779 lutee
938 3724 1052 3780 suadent
1069 3725 1115 3782 lib.

319 3806 358 3858 tu,
375 3808 404 3846 n.
424 3791 474 3847 it:
496 3788 672 3862 iuteliipeutio
694 3792 762 3845 enim
786 3793 914 3848 dictorum
938 3812 970 3850 es
984 3797 1069 3852 esuris
1082 3808 1120 3854 εει

318 3861 472 3919 ursunteudu
485 3861 608 3918 dicendi:
623 3864 683 3932 quio
698 3879 749 3917 uorr
762 3865 873 3920 sermoni
892 3883 942 3933 res,
958 3869 1003 3922 ted
1021 3868 1059 3922 rei
1080 3879 1119 3924 εει

317 3951 400 3990 sermo
412 3936 550 4007 subjectus.

356 4004 392 4077 (ε)
413 4004 443 4130 litt
467 4021 538 4090 mss.
554 4004 664 4078 optimae
683 4011 767 4075 noim,
781 4022 856 4078 aqum
868 4007 936 4077 uite,
950 4019 978 4065 et
997 4024 1061 4067 mox
1074 4016 1119 4083 qui

318 4086 382 4131 esset
395 4093 411 4129 o
423 4092 483 4130 tent.

358 4146 398 4220 (d)
418 4146 543 4203 Nonnulli
557 4161 624 4203 mss.
639 4163 701 4203 oum
715 4147 806 4215 editis,
820 4150 890 4220 quie.
912 4151 1058 4222 Sequimur
1069 4168 1119 4224 po-

319 4218 413 4274 tiores.
428 4217 529 4274 Deinde
543 4218 570 4273 in
585 4232 635 4273 ms.
653 4218 712 4275 lar.
727 4220 784 4275 bas.
796 4231 824 4275 et
836 4221 907 4278 vict.
924 4239 1011 4279 oirtnss
1023 4241 1119 4292 exupe-

316 4305 389 4343 rans.
406 4288 513 4345 liabent
525 4288 606 4345 etiarn
614 4289 734 4360 plerique
746 4290 790 4345 alii
802 4307 900 4359 omues,
916 4309 987 4348 unus
999 4298 1116 4352 Sorbnn.

318 4376 402 4423 omne.
419 4360 464 4414 ulii
480 4370 535 4417 tres
549 4361 646 4415 omniu.
661 4360 732 4416 Niltil
747 4365 903 4419 mutandum
918 4364 1035 4421 ridetur.
1050 4366 1118 4423 lier-

317 4431 382 4487 bum
393 4432 516 4498 raubero,
542 4431 587 4487 ubi
602 4430 636 4489 de
651 4431 751 4502 Spiritu
774 4448 867 4492 sermo
890 4447 942 4505 est,
960 4437 1063 4494 llilario
1077 4451 1118 4496 est

317 4501 461 4558 familiare.
479 4504 517 4559 lle
530 4503 577 4558 illo
591 4502 673 4559 babet
690 4519 751 4576 esp.
764 4507 799 4563 lb
814 4506 840 4561 in
861 4506 968 4576 linium,
984 4525 1060 4564 nunt.
1076 4511 1115 4566 i:

319 4573 512 4643 Quatttumiiiet
525 4584 703 4630 assumpturo
723 4577 832 4644 eunetis,
857 4579 891 4633 ud
906 4579 1070 4650 lurpieudum
1091 4598 1118 4636 ιε

317 4655 403 4701 mareu
420 4646 716 4719 temperantiorem
735 4661 796 4717 cap.
820 4649 866 4713 ts,
885 4666 912 4703 n.
931 4653 985 4707 lb:
1001 4651 1117 4723 Spiritus

315 4719 391 4788 copie
402 4716 543 4784 iudicetur,
559 4717 600 4771 eui
610 4715 679 4787 quod
692 4716 818 4787 turpinum
830 4720 958 4775 esubmet.

355 4786 391 4869 (ε)
412 4787 441 4842 Ιιι
474 4802 526 4842 ms.
541 4785 603 4841 Vat.
625 4786 696 4855 bas,
717 4790 783 4843 ulter
796 4790 824 4843 iu
845 4789 972 4861 olrreqmo,
997 4792 1068 4863 quod
1081 4773 1156 4850 doD

316 4856 419 4926 Sptritu
432 4867 526 4913 saneto
535 4856 648 4922 dietum,
660 4867 690 4913 ut
699 4859 733 4913 ab
746 4875 779 4914 eo
789 4860 890 4930 Spiritu
903 4862 948 4932 qui
960 4862 1115 4921 adorandus

315 4938 357 4985 est
369 4928 451 4983 alium
465 4944 527 4985 eunt
542 4943 604 4985 esse
616 4928 786 4996 conlimatur,
801 4931 887 4987 rideri
903 4944 994 5001 posset
1004 4935 1115 4991 Arianis

314 4999 417 5066 farere,
432 4998 563 5068 Spiritum
588 5011 711 5056 sanetum
738 5001 825 5059 Patris
837 5013 865 5059 et
884 5001 946 5060 run
960 5006 1114 5062 ministrum

314 5069 508 5128 ebutiemibus.
534 5073 571 5126 At
592 5071 638 5127 illo
661 5072 787 5142 loquendi
809 5074 891 5131 modo
914 5085 1018 5132 tantum
1034 5078 1116 5134 babet

313 5142 434 5199 llilarius
452 5142 585 5199 rationum
604 5144 797 5214 processionis,
811 5161 860 5202 seu
880 5146 1114 5206 subordinationis

314 5229 366 5284 qua
389 5213 507 5283 Spiritus
520 5223 630 5270 sanctus
645 5214 786 5285 subiicitur
808 5218 941 5289 principio
953 5235 968 5274 a
982 5235 1036 5291 quo
1051 5237 1113 5290 pro-

313 5284 396 5340 cedit.
413 5285 458 5342 Sio
470 5286 505 5341 de
518 5285 598 5351 Filio,
616 5293 732 5342 testante
745 5301 775 5343 se
785 5304 840 5345 non
853 5304 932 5359 qmsse
941 5290 1086 5362 quidquam
1098 5310 1112 5347 a

314 5368 346 5411 se
367 5356 457 5418 lacere
478 5356 532 5412 nisi
553 5357 651 5413 uiderit
674 5357 781 5415 Patrem
807 5362 967 5426 facientem,
991 5365 1017 5418 in
1040 5362 1113 5419 Psal.

313 5440 443 5494 etiarm,
460 5444 534 5485 num.
549 5427 595 5494 iu,
609 5427 744 5498 loquitur:
760 5428 936 5488 Corttestuturu
948 5433 1017 5489 dese
1029 5444 1115 5502 potes·

313 5507 390 5554 tatem
411 5515 457 5572 per
470 5500 616 5562 reummtiae
627 5499 750 5556 bonorem
763 5505 786 5556 ei
806 5503 848 5558 eoi
861 5507 948 5560 omnio
962 5506 1111 5561 meminerat

312 5570 458 5639 confitendo
469 5571 585 5645 subjecit,
602 5587 654 5627 nun
666 5571 714 5629 siit
724 5573 839 5629 odimsus
850 5577 919 5646 quod
930 5575 1025 5631 similia
1036 5575 1111 5631 Petri

323 5709 329 5721 .
388 5649 409 5708 ι,
423 5643 469 5697 ssd
481 5657 540 5697 rum
549 5659 679 5714 perquem
690 5644 881 5716 similieposset
894 5646 1038 5704 ostsrtdem.
1052 5649 1108 5716 Sie,

322 5709 359 5765 tb.
374 5712 409 5767 de
430 5711 545 5783 synod,
561 5730 590 5769 n.
613 5712 659 5780 tt,
675 5714 797 5773 diuersas
815 5728 957 5775 enumerat
978 5720 1107 5784 rationes.

310 5780 409 5853 quibos
423 5779 518 5851 iilius,
531 5785 677 5856 etiamque
692 5785 776 5855 bens,
789 5786 932 5859 subjicitur
946 5788 1040 5847 Patri:
1059 5790 1108 5847 Vel
1161 5806 1216 5866 quo

1170 3528 1219 3582 est,
1235 3519 1296 3573 dum
1310 3521 1344 3575 od
1358 3521 1489 3577 dexterum
1511 3520 1562 3575 ber
1581 3533 1635 3576 tum
1648 3523 1772 3587 consedit,
1798 3538 1856 3576 rum
1879 3523 1929 3576 sibi
1944 3531 1973 3576 ut

1171 3592 1314 3648 consideret
1327 3593 1424 3647 dietum
1444 3594 1487 3658 sit,
1503 3594 1566 3648 dum
1580 3595 1696 3648 mittitur.
1711 3593 1772 3645 dum
1790 3593 1895 3662 occipit,
1909 3594 1974 3648 dum

1170 3659 1199 3714 iu
1210 3663 1328 3719 ouruibus
1342 3665 1466 3719 uolutttoti
1483 3668 1540 3738 ejus
1560 3665 1603 3733 qui
1615 3682 1641 3719 se
1654 3664 1722 3718 ntisit
1735 3663 1891 3731 obsequitur.
1917 3665 1973 3719 Sed

1171 3732 1273 3803 pietatis
1285 3736 1407 3802 srabp'ectio
1421 3752 1473 3790 uon
1494 3745 1530 3791 εει
1545 3738 1662 3802 pretatur
1676 3736 1822 3799 dintluutio,
1846 3751 1892 3788 urs
1910 3736 1973 3790 reii-

1170 3804 1253 3873 piouis
1263 3806 1373 3877 officiunt
1384 3808 1531 3876 depenerent
1540 3807 1612 3878 efficit
1621 3817 1750 3860 naturum.
1762 3806 1794 3861 El
1805 3815 1971 3877 postpauca,

1171 3873 1278 3933 liubeus
1289 3895 1390 3943 uetueu,
1407 3879 1451 3931 ard
1471 3881 1527 3951 ejus
1541 3881 1616 3952 eujus
1637 3889 1661 3932 et
1675 3878 1744 3948 {iiius
1759 3887 1806 3939 εει,
1817 3877 1847 3947 pit
1860 3876 1937 3932 Patri
1948 3888 1973 3932 ει

1170 3948 1289 4018 obsequio
1302 3948 1432 4018 subiectus
1453 3962 1476 4004 ει
1491 3951 1602 4003 nomine.
1619 3949 1732 4005 [lemuut
1749 3948 1796 4002 lib.
1813 3963 1849 4012 tr,
1873 3950 1975 4004 solem·

1172 4017 1268 4075 trisest
1282 4018 1420 4076 distinctio
1443 4019 1490 4077 Dei
1512 4021 1626 4076 dicentis
1652 4036 1699 4076 sou
1721 4021 1859 4086 intuentis,
1875 4030 1903 4075 et
1925 4020 1973 4076 liei

1170 4088 1326 4156 obicientis,
1339 4107 1453 4161 quorum
1468 4101 1558 4147 tantun
1570 4107 1622 4147 una
1637 4103 1731 4147 uatum
1746 4091 1916 4161 predicatur·
1934 4091 1972 4145 lta

1170 4160 1251 4215 etiarn
1267 4164 1310 4218 ltio
1324 4164 1368 4218 ubi
1389 4164 1517 4234 Spiritum
1531 4174 1654 4220 sanctum
1669 4178 1684 4216 a
1698 4163 1763 4227 ileo,
1786 4161 1812 4217 id
1827 4172 1880 4230 est,
1892 4181 1905 4215 a
1919 4162 1973 4216 Pa·

1170 4237 1223 4297 tre,
1234 4241 1286 4289 eta
1299 4234 1424 4301 Domino,
1438 4235 1490 4291 boe
1501 4246 1554 4302 est,
1568 4250 1584 4289 u
1598 4234 1678 4302 Filio,
1690 4232 1855 4290 subsistendi
1869 4233 1973 4289 tutione

1170 4303 1251 4359 alium
1262 4321 1323 4361 esse
1334 4315 1474 4363 ostensum
1488 4317 1540 4372 est,
1552 4315 1646 4360 nattrra
1658 4322 1712 4360 uon
1726 4305 1869 4361 aliudesse
1881 4304 1973 4360 multis

1170 4373 1381 4433 demonstratur.
1398 4378 1467 4446 Quid
1483 4379 1555 4432 enirn
1570 4377 1642 4432 aliud
1658 4378 1709 4433 sibi
1724 4376 1792 4442 vult,
1809 4375 1894 4430 Deum
1908 4376 1970 4430 init·

1170 4447 1267 4515 nilum,
1283 4448 1456 4514 invisibilem,
1471 4447 1785 4514 incomprehensibilem,
1798 4449 1971 4514 ittuueusuut,

1169 4533 1230 4572 cum
1241 4518 1269 4572 iu
1280 4519 1380 4588 Spiritu
1391 4524 1529 4580 adoratur,
1541 4518 1597 4586 iam
1611 4517 1716 4574 infinita
1726 4518 1843 4587 raritate,
1860 4518 1971 4588 ubique,

1171 4588 1197 4641 iu
1210 4587 1243 4643 iis
1255 4604 1315 4659 quae
1329 4589 1472 4645 invisibilia
1486 4601 1514 4644 et
1535 4590 1818 4656 incomprehensibilia
1834 4599 1906 4647 sunt.
1922 4593 1972 4643 iut-

1171 4672 1215 4714 mo
1231 4659 1257 4713 in
1283 4661 1418 4731 sratetipso
1446 4661 1572 4726 adorari:
1594 4661 1669 4732 quid,
1696 4662 1816 4729 inquam,
1842 4660 1894 4715 ltoe
1917 4659 1970 4715 sibi

1170 4730 1303 4799 inlinisi
1320 4732 1478 4788 honorantis
1490 4742 1517 4788 et
1532 4732 1682 4788 immorandi
1706 4732 1821 4804 Spiritus
1836 4731 1971 4786 nutritimu·

1168 4800 1228 4927 dan?
1250 4816 1311 4858 esse
1324 4803 1557 4914 proportionem,
1582 4803 1763 4876 equalitatem
1785 4814 1814 4859 et
1836 4804 1969 4858 unitatem

1166 4885 1333 4943 perustam.

1202 4965 1238 5040 (sl
1250 4968 1288 5024 ila
1301 4983 1366 5024 mss.
1382 4968 1431 5024 nisi
1445 4971 1517 5042 quoii
1534 4970 1560 5025 iu
1575 4968 1700 5035 carnut..
1717 4969 1876 5040 amplissima
1888 4969 1971 5039 siqui·

1165 5038 1272 5110 deontia
1292 5052 1340 5096 εει.
1363 5038 1400 5097 ttr
1422 5042 1448 5096 iu
1471 5040 1602 5113 vulgatis,
1628 5058 1749 5115 represso
1778 5049 1826 5097 est.
1852 5041 1970 5109 Spiritus

1166 5122 1287 5177 sanetus,
1303 5114 1348 5196 qui
1372 5127 1465 5182 supra,
1488 5129 1515 5167 ιι.
1538 5112 1567 5178 2,
1589 5113 1678 5169 dietus
1691 5120 1735 5171 est
1755 5128 1853 5168 munus
1867 5111 1970 5181 quoda

1166 5183 1222 5238 ileo
1236 5185 1395 5255 aeciptmus,
1416 5199 1488 5240 nune
1500 5183 1608 5240 uidetur
1628 5185 1681 5240 diei
1694 5200 1793 5240 munus
1816 5183 1887 5252 quud
1914 5183 1971 5237 ileo

1167 5253 1325 5311 deierirnus.
1351 5256 1449 5325 Reipsa
1461 5271 1571 5327 quemn
1594 5258 1650 5312 ileo
1671 5257 1825 5327 acecpimus
1839 5253 1970 5324 Spiritum

1167 5325 1192 5379 ei
1206 5325 1355 5391 reddimus,
1369 5340 1430 5382 eunt
1447 5343 1501 5384 untt
1526 5338 1630 5394 nostro,
1646 5328 1695 5384 sed
1719 5327 1792 5384 illius
1814 5326 1916 5397 Spiritu
1931 5324 1971 5379 ri·

1166 5406 1261 5452 rentes
1273 5397 1298 5453 ei
1312 5396 1483 5454 iamulatuur.

1203 5484 1242 5561 (p)
1263 5488 1326 5544 liaeo
1347 5488 1477 5547 adorandi
1501 5490 1619 5547 inlinitas
1633 5506 1695 5547 eum
1718 5499 1858 5562 repetatur
1879 5505 1911 5545 ex
1937 5503 1971 5544 oo

1164 5560 1259 5686 ¹02qu
1282 5560 1430 5631 adoratur,
1457 5562 1589 5633 Spiritum
1615 5565 1750 5620 inlinitum
1771 5578 1833 5619 esse
1857 5574 1971 5617 neeesse

1199 5718 1289 5849 (1))1ιι
1310 5720 1401 5791 editis,
1424 5725 1597 5811 deremitat
1619 5727 1647 5784 itt
1669 5724 1797 5798 seriptis,
1823 5726 1969 5792 ostendeus,

1248 5791 1366 5852 retertur
1376 5794 1412 5854 ael
1424 5798 1525 5856 ιιιειιιι.
