4209 6250
277 226 328 286 les
871 219 995 283 sancti
1015 220 1143 280 aluisii
1168 219 1321 279 salscnat
1876 218 1926 278 {56

274 338 310 394 uti
323 337 460 412 lanuginem
474 336 647 398 bei-Sed
672 351 817 411 sequamur
840 339 963 398 ordinem
980 340 1074 397 lectio·
1087 340 1245 403 Anomen:
1269 349 1297 398 et
1320 338 1367 395 ubi
1390 337 1556 410 nuncupatio
1577 345 1621 396 est
1640 334 1750 410 generis
1772 334 1865 403 alieni,
1891 336 1928 391 ilti

277 430 328 498 nis,
345 440 375 488 ut
387 434 487 490 ueritas
502 448 610 504 semper
622 432 673 489 sibi
694 432 835 490 coltaerens
855 448 907 490 non
922 426 1076 490 demutetur
1125 435 1295 491 existimatur
1310 434 1410 492 ueritas
1423 433 1544 507 ejusdem
1559 433 1669 506 generis
1691 448 1745 490 non
1769 434 1869 489 inesse.
1893 431 1930 488 lit

277 522 441 582 offendiculo
455 525 591 582 falsitatis.
605 523 639 580 Et
654 524 795 599 {mitilena
806 525 952 595 nominem
963 527 997 581 od
1011 526 1077 582 irno-
1126 527 1235 599 quidem
1252 527 1309 600 jam
1331 528 1455 601 superior
1470 529 1540 586 liber
1557 527 1715 585 inanitatem
1736 526 1818 598 bajus
1837 542 1929 600 quas·

277 617 363 690 pinam
382 616 432 672 liei
451 618 511 690 secia
529 633 589 673 eunt
604 617 681 687 (dien.
699 635 720 684 ι,
734 617 793 693 sl).
813 618 905 693 imago
925 620 1078 677 cummunis
1128 619 1210 676 tionis
1223 619 1351 677 ostendit.
1372 619 1402 677 lu
1425 620 1521 693 angelo
1542 621 1614 679 enim
1637 619 1720 677 olllcii
1744 621 1929 693 potiusquam

278 715 340 764 est:
356 707 427 764 beas
440 707 474 765 ad
487 707 632 782 imaginem
649 710 698 767 bei
711 708 849 768 hominem
869 710 942 769 lecit.
963 711 1014 780 Qui
1029 726 1077 768 ue·
1128 723 1233 770 naturae
1246 713 1424 786 intelligentia
1438 724 1490 772 est.
1505 715 1538 770 iit
1557 714 1689 786 propneta
1703 713 1770 769 milti
1783 714 1861 771 testis
1874 720 1929 780 ειι,

280 816 342 859 rum
366 801 452 858 beura
476 802 560 860 ilium
584 804 631 860 bei
644 803 770 876 denegat,
783 820 875 877 quaero
890 803 925 861 ad
937 804 1014 877 cujus
1030 804 1079 860 liei
1129 804 1241 864 diceus:
1258 805 1311 875 Qus
1329 808 1391 880 {ont
1410 808 1514 880 angelos
1537 823 1597 863 auos
1615 806 1734 878 spiritns,
1754 816 1779 864 et
1800 806 1931 863 ntinistroa

280 894 639 967 imaginumabeulactum
655 898 792 955 bominem
816 897 957 970 intelligat.
982 896 1080 954 ilemi-
1130 917 1191 957 snos
1215 901 1300 975 ignem
1325 911 1439 958 arentum
1474 900 1559 974 (Psoi.
1584 916 1640 968 ortt,
1665 900 1706 974 l).
1731 898 1820 958 iircus
1850 900 1932 971 igitur

281 990 353 1047 norit
368 998 457 1046 tamen
471 1005 639 1062 semperpcr
652 990 749 1049 Filium
762 992 871 1060 omnia;
891 1006 926 1048 ue
945 989 1082 1047 torteltae-
1131 991 1252 1067 ignisidl
1280 993 1327 1050 ille
1356 993 1472 1050 ministri
1496 993 1534 1066 (i)
1556 991 1615 1064 ejus
1648 999 1712 1049 sunt
1734 1010 1742 1049 a
1767 1002 1796 1049 et
1819 994 1933 1050 veniens

283 1081 367 1139 retica
382 1081 561 1155 intelligentia
576 1083 763 1155 operationem
775 1083 829 1140 sibi
849 1082 894 1140 bei
909 1082 992 1154 patris
1002 1096 1084 1152 coap-
1132 1085 1265 1157 spiritus,
1308 1086 1399 1159 angeli
1442 1086 1502 1157 ejus
1541 1095 1615 1142 sunt.
1661 1086 1713 1143 ber
1755 1084 1815 1143 irasc
1859 1086 1935 1143 enim

285 1182 333 1231 tel.
350 1174 379 1231 Si
392 1174 473 1246 igitur
486 1175 520 1232 ad
534 1174 680 1248 imaginem
694 1176 740 1232 bei
753 1174 834 1247 patris
845 1190 894 1247 ρει
903 1174 988 1230 illium
998 1174 1082 1229 Deum
1134 1179 1299 1246 nuntiorum,
1313 1180 1359 1252 qui
1374 1180 1463 1252 angeli
1484 1187 1685 1251 nuncupantur,
1699 1194 1731 1235 ac
1746 1179 1935 1236 ministrorum

285 1267 367 1324 ltomo
378 1268 513 1337 corruitur,
525 1270 651 1326 conditur
665 1284 771 1341 qunque
785 1267 820 1325 ad
835 1267 980 1340 imaginem
1002 1262 1083 1322 Filii:
1134 1271 1287 1328 ostertditur
1300 1271 1342 1329 rel
1359 1282 1464 1340 natura,
1481 1273 1524 1329 rel
1538 1272 1633 1328 uirtus.
1647 1270 1692 1327 Fit
1711 1285 1776 1343 crgo
1789 1270 1834 1327 itio
1855 1270 1938 1343 spiri·

285 1359 348 1431 quia
371 1375 452 1417 nemo
476 1359 544 1417 Filio
568 1360 670 1417 dictum
700 1360 816 1430 denegat
841 1357 875 1413 ud
899 1357 1037 1429 imaginent
1061 1365 1085 1410 tt
1136 1375 1179 1421 tus
1191 1366 1313 1437 angelos,
1327 1365 1369 1422 rel
1382 1365 1426 1424 lric
1440 1366 1508 1438 ignis
1522 1382 1602 1424 urens
1612 1366 1737 1423 minister
1750 1366 1817 1424 liei:
1838 1370 1939 1423 elnac

286 1454 480 1511 einriiitudiucm
505 1464 629 1511 mrtrmn.
653 1454 751 1511 Terruit
778 1467 843 1525 ergo
865 1467 956 1508 sermo
977 1451 1086 1507 diuinus
1137 1468 1231 1516 aarum
1245 1475 1340 1517 eorum
1362 1462 1460 1531 accipit
1481 1461 1566 1517 „ungi
1589 1473 1616 1518 ep
1630 1462 1673 1534 (3)
1692 1460 1809 1518 ministri
1820 1459 1858 1533 (ς)
1877 1458 1939 1515 0511.

286 1548 418 1605 rationem
434 1547 556 1604 ueritatis
569 1547 597 1603 in
610 1545 699 1613 dictis,
720 1558 802 1618 quiam
818 1558 886 1617 opus
907 1543 1035 1615 explebat
1058 1544 1085 1598 in
1137 1553 1219 1608 ciunt.
1236 1548 1336 1608 iniens
1350 1552 1430 1624 igitur
1444 1553 1498 1622 lex,
1516 1554 1598 1610 inimo
1614 1569 1662 1624 per
1676 1551 1763 1623 legem
1779 1552 1861 1619 beus,
1878 1567 1942 1623 per.

287 1641 433 1700 iactis:ut
445 1642 581 1698 bominem
596 1640 629 1697 td
642 1641 786 1713 imaginem
803 1639 851 1695 Dei
866 1639 935 1695 Deus
947 1638 1085 1710 bssttltlei·
1138 1658 1233 1700 sonam
1259 1646 1363 1716 paterni
1384 1646 1502 1702 nominis
1530 1644 1718 1720 intimarent)
1745 1645 1828 1701 ileum
1854 1645 1940 1700 illitam

289 1747 320 1797 ut
334 1739 419 1796 beum
434 1737 611 1811 signiticaret,
628 1752 679 1793 uec
695 1735 838 1793 ueritatem
860 1733 916 1790 lieo
930 1732 1086 1788 adimeret:
1102 1731 1264 1810 Bangeium
1279 1739 1325 1796 liet
1341 1739 1430 1798 locuta
1443 1750 1497 1807 est,
1510 1739 1536 1796 id
1552 1749 1604 1803 cst,
1628 1741 1751 1795 nuntium
1769 1738 1826 1794 bei.
1850 1734 1942 1808 Signi·

288 1847 350 1889 eum
366 1840 394 1889 et
417 1835 443 1889 iu
467 1830 659 1889 communione
681 1827 806 1900 imaginis
822 1837 895 1884 esset
910 1825 980 1882 iistis
995 1839 1087 1893 istus,
1140 1830 1293 1888 linationem
1316 1831 1389 1890 enim
1412 1831 1495 1889 allucii
1518 1841 1632 1889 testatur
1656 1831 1684 1889 iu
1707 1831 1822 1888 nuntio:
1838 1840 1943 1885 naturae
1974 1876 1985 1895 ,

289 1924 335 1996 qui
348 1924 376 1981 iu
389 1938 473 1995 opere
488 1920 631 1980 eliciendo
645 1919 845 1992 intelligebatur
856 1918 928 1975 bens
941 1917 1024 1974 fliius·
1141 1934 1231 1981 autem
1247 1922 1388 1981 ueritatem
1401 1924 1573 1981 eonirmanit
1588 1924 1615 1981 in
1639 1924 1758 1991 nomine,
1773 1939 1834 1979 eunt
1856 1923 1942 1979 Deoua

327 2017 372 2074 ln.
390 2016 514 2074 Haereliei
526 2015 734 2089 pestringuntur
754 2029 787 2070 ea
807 2014 893 2070 dictis.
907 2041 945 2056 ·-
958 2009 981 2067 0
994 2011 1112 2082 desine-⁸
1142 2018 1219 2074 dixit.
1239 2018 1288 2075 liic
1309 2030 1399 2076 autem
1415 2033 1486 2076 nunc
1508 2018 1719 2091 dispensationis
1733 2027 1775 2076 est
1795 2017 1872 2085 ordo,
1887 2031 1943 2072 nou

289 2118 358 2171 1²81ae
373 2111 472 2167 melitis
487 2107 697 2181 stilotpeldilei
713 2107 920 2165 ostultacmcae
945 2102 1092 2175 impietatis
1142 2111 1259 2184 generis,
1282 2110 1341 2168 Noli
1362 2112 1434 2169 ellim
1456 2110 1528 2167 aliud
1551 2126 1632 2183 quam
1657 2111 1765 2167 Patrem
1794 2119 1822 2166 gt
1843 2109 1943 2164 Filium

292 2203 448 2262 temeritasl
473 2204 558 2260 illidit
575 2201 660 2261 Deum
679 2212 707 2260 et
727 2201 822 2267 Deum.
846 2200 924 2257 abdis
948 2199 1092 2271 imaginem
1144 2203 1322 2276 praedicamus
1342 2223 1349 2261 ι
1369 2206 1448 2261 etita
1464 2207 1741 2260 naturamnominum
1757 2216 1942 2274 coaequamus,

293 2307 440 2355 nostram:
464 2296 529 2369 quid
553 2306 581 2352 tu
605 2295 717 2369 subjicis
739 2309 833 2352 uerum
856 2303 884 2350 et
908 2308 961 2349 non
979 2291 1094 2349 verona?
1144 2296 1327 2355 alteritatem
1345 2297 1391 2354 liei
1407 2308 1543 2355 tenentes
1558 2296 1713 2353 innascibili
1736 2296 1792 2353 beo
1812 2296 1857 2352 liei
1872 2295 1938 2351 uni·

293 2389 358 2464 quid
373 2388 473 2446 luseris
488 2387 638 2446 naturalem
658 2396 740 2459 atque
762 2385 880 2442 laisuml
894 2383 958 2457 quid
978 2382 1029 2440 sub
1051 2397 1095 2439 re·
1145 2390 1227 2463 geniti
1241 2389 1375 2446 nativitas.
1389 2389 1463 2446 ilissi
1477 2396 1566 2447 autem
1581 2398 1609 2446 ct
1632 2389 1765 2446 mittentia
1783 2387 1946 2461 signilleatio

293 2481 403 2554 ligionis
416 2481 526 2538 nomine
546 2479 703 2551 religionem
718 2477 839 2535 evertisi
860 2476 924 2550 quid
948 2491 997 2548 per
1011 2488 1094 2532 unuut
1146 2481 1258 2539 hicnon
1273 2481 1345 2539 aliud
1359 2497 1438 2555 quam
1458 2483 1567 2538 Patrem
1581 2464 1613 2538 ἐι
1628 2480 1725 2539 Filium
1746 2480 1837 2549 ducet,
1862 2489 1947 2537 caete·

295 2573 394 2640 neum,
410 2583 534 2630 eranum
551 2573 634 2628 neum
648 2587 752 2635 vetum.
768 2578 857 2627 tentes
872 2568 992 2627 nepem
1014 2583 1096 2624 serus
1146 2591 1206 2633 nun
1220 2576 1428 2632 vertunensem
1451 2574 1547 2631 adimit
1565 2581 1679 2637 naurire,
1709 2587 1798 2644 neque
1823 2574 1850 2628 tu
1876 2570 1947 2629 attin

296 2681 365 2723 unos
377 2665 429 2722 sitl
443 2663 567 2721 Nondum
583 2678 700 2720 ιειιιιοι
713 2663 825 2734 spiritus
843 2673 904 2717 tuos
918 2660 998 2717 dictis
1011 2674 1097 2717 eran·
1148 2668 1257 2739 perimit
1270 2667 1367 2723 „aarum
1386 2666 1533 2723 divinitatis
1547 2667 1757 2738 proprietatnm:
1781 2665 1844 2737 qnia
1868 2679 1948 2719 norrun

295 2759 390 2834 gelicis
405 2768 487 2831 atque
500 2759 657 2831 apostolicis
670 2757 785 2826 auliaco,
808 2758 836 2813 iu
858 2756 956 2829 quibus
975 2755 1057 2812 Pater
1070 2764 1098 2811 ct
1149 2759 1267 2832 atttiigat
1280 2769 1405 2817 naturam
1424 2761 1543 2817 auctoris
1562 2759 1589 2816 iu
1605 2758 1652 2814 lilii
1672 2758 1812 2815 nativitate
1833 2771 1950 2813 munas-

296 2853 382 2911 Filius
405 2868 459 2909 non
475 2868 602 2924 persona,
624 2851 673 2909 sed
689 2862 785 2908 nattrra
801 2867 870 2907 uatus
884 2859 913 2907 et
932 2864 1012 2906 uerus
1026 2849 1098 2906 Deus
1149 2852 1186 2920 ci,
1203 2851 1240 2926 (e)
1256 2862 1285 2909 ιιι
1298 2868 1331 2910 ca
1347 2869 1401 2908 uuo
1415 2853 1546 2909 consistat
1561 2853 1586 2907 in
1600 2867 1694 2919 unum,
1717 2850 1788 2922 quod
1803 2865 1851 2922 per
1866 2865 1949 2905 uuum

297 2954 464 3018 uterqueest
480 2960 489 3002 a
504 2945 612 3002 interim
637 2954 664 3002 te
687 2945 730 3002 lex
754 2943 813 3001 sola
836 2949 943 3000 enecat.
963 2940 1097 3014 Numquid
1150 2962 1205 3003 nun
1228 2945 1400 3004 discernatur
1422 2962 1457 3003 ex
1480 2962 1534 3002 uuo
1556 2946 1710 3018 :atqueita
1731 2960 1812 3001 unum
1829 2944 1882 3001 sint
1902 2957 1952 3015 per

297 3043 336 3102 ait
348 3042 432 3099 Deum
445 3056 539 3099 nerum
559 3052 585 3097 et
599 3056 653 3097 nun
676 3039 761 3095 Deum
772 3038 888 3096 aeruml
900 3036 1033 3108 Numquid
1049 3034 1100 3091 ali·
1151 3040 1222 3110 quod
1237 3055 1306 3096 uuus
1317 3055 1350 3097 cx
1364 3055 1419 3096 uuo
1433 3049 1486 3096 est.

300 3145 342 3193 ter
354 3136 381 3193 in
396 3146 511 3206 utroque
524 3143 622 3206 prater
636 3148 716 3205 quam
730 3145 836 3189 naturae
851 3134 962 3189 nomine
975 3144 1024 3186 usa
1039 3129 1099 3185 esti
1112 3125 1136 3191 G
1189 3133 1233 3190 ld.
1251 3132 1372 3190 llilnrian
1391 3134 1451 3205 fidei
1465 3134 1558 3189 ardore
1571 3149 1678 3207 scopum
1690 3131 1798 3189 excedit.
1812 3159 1849 3173 -
1861 3129 1884 3188 0
1898 3129 1950 3185 im·

300 3227 386 3286 licum
406 3237 435 3286 et
457 3230 541 3285 Deum
564 3226 647 3295 dixit,
661 3240 722 3300 quta
742 3225 810 3282 diait
829 3227 911 3283 ileum
936 3240 1030 3281 unum.
1045 3222 1100 3281 Sed
1152 3224 1258 3295 patiens
1274 3223 1336 3281 lidei
1356 3225 1442 3290 calor,
1465 3234 1494 3281 et
1516 3223 1661 3281 desiderati
1681 3224 1814 3280 sermonis
1836 3219 1953 3278 ineunti·

300 3320 363 3394 quid
387 3331 490 3378 tautum
514 3320 615 3376 dixisse
637 3318 717 3375 dicul
744 3316 830 3374 Deum
854 3332 947 3374 verum
973 3315 1100 3372 ellicum
1151 3331 1220 3375 naus
1232 3316 1384 3374 silentium!
1399 3315 1460 3375 iam
1472 3318 1545 3373 enim
1566 3327 1594 3373 et
1607 3317 1635 3373 iu
1659 3317 1791 3385 superiori
1811 3315 1881 3371 libro
1893 3329 1955 3370 mo·

300 3428 394 3471 rerum
418 3429 467 3484 per
489 3410 630 3468 veritatem
652 3410 777 3482 imaginis
799 3410 966 3489 praedicarit.
982 3408 1037 3467 Usa
1060 3419 1103 3467 est
1152 3407 1216 3466 dum
1229 3409 1382 3465 constitutae
1396 3407 1597 3480 praedicationis
1607 3411 1784 3475 excessimus,
1795 3422 1856 3464 cunt
1866 3421 1954 3476 qnnn·

301 3505 330 3564 in
352 3505 551 3577 nuncupatione
583 3505 697 3577 primum
723 3512 829 3560 naturae
850 3503 960 3560 numine
984 3520 991 3557 ε
1017 3503 1103 3558 ιιιιιιιι
1152 3500 1284 3571 doimple
1297 3500 1399 3559 dictum
1413 3501 1590 3557 unumbeum
1605 3499 1951 3570 uulnerenoisarguemes,

301 3598 430 3669 deinceps
445 3597 472 3653 iu
497 3611 596 3669 genere
610 3595 722 3653 ueritate
737 3605 852 3653 naturae,
876 3593 943 3652 Com
964 3595 1035 3651 enim
1056 3594 1101 3666 qui
1152 3602 1181 3651 ει
1197 3594 1280 3650 ὓειιιιι
1290 3603 1372 3666 atque
1386 3595 1469 3652 ὓειιιιι
1486 3609 1501 3650 a
1516 3593 1608 3667 Moyse
1621 3594 1795 3666 praedicatum
1810 3593 1951 3661 docentes,

301 3691 344 3761 tn,
358 3690 511 3750 seeundum
527 3690 672 3763 imaginem
694 3697 803 3746 creatur
815 3686 967 3760 utriusque,
982 3703 1036 3743 uon
1051 3702 1102 3758 po·
1153 3685 1186 3742 ad
1199 3686 1279 3742 unius
1290 3685 1338 3742 Dei
1358 3701 1451 3744 reram
1466 3697 1494 3744 ει
1509 3687 1663 3759 religiosam
1686 3686 1882 3744 contessionem
1899 3685 1953 3757 pia,

302 3786 406 3860 testill
428 3801 482 3843 uon
503 3800 538 3844 ex
560 3799 628 3842 nero
641 3782 681 3858 (a)
704 3779 866 3850 consistere,
887 3781 959 3853 quod
989 3791 1103 3853 uterquc
1153 3780 1277 3851 quamvis
1296 3779 1505 3849 inconsiderata,
1535 3780 1707 3838 destinatione
1735 3779 1925 3837 descendimus
1943 3792 1953 3835 a

303 3878 375 3936 beus
388 3892 468 3936 uerus
482 3877 528 3934 ιιι.
1155 3883 1184 3930 ot
1196 3890 1267 3931 nunc
1287 3889 1394 3947 qouque
1417 3874 1531 3932 alterins
1556 3874 1714 3946 questionis
1729 3875 1840 3946 negotio
1855 3875 1953 3929 immo·

340 3971 386 4027 ll.
400 3970 486 4026 Filius
498 3979 528 4027 att
542 3986 652 4041 perenm
661 3968 728 4026 aliur
740 3985 757 4025 a
769 3966 860 4037 Patre,
873 3965 982 4041 angelus
996 3965 1046 4024 lici
1065 3967 1106 4024 di·
1156 3975 1257 4032 rantes,
1281 3982 1335 4022 nou
1350 3967 1486 4025 tenuimus
1500 3966 1622 4023 ordinem
1632 3968 1832 4032 constitutum3
1848 3975 1875 4021 et
1886 3964 1952 4020 datm

303 4069 361 4121 ctas
374 4072 427 4128 est‚·
443 4059 514 4117 Daue
525 4075 585 4117 nero
598 4070 626 4116 nt
638 4062 706 4117 idam
719 4071 821 4117 notura.
836 4059 889 4118 Gur
908 4061 992 4116 dictas
1011 4060 1044 4116 ιιι
1058 4077 1106 4115 ιιι-
1157 4058 1381 4117 debeorcroliei
1397 4059 1453 4117 illio
1468 4061 1613 4133 loquimur,
1622 4060 1746 4133 usquead
1753 4059 1949 4118 contessionem

304 4156 377 4230 gelat
388 4153 446 4210 liei.
457 4183 494 4197 -
508 4154 561 4211 Sed
576 4169 719 4227 pergamus
731 4156 813 4211 eliam
836 4168 908 4210 ntrnc
926 4168 960 4210 eo
975 4153 1106 4225 praediea·
1158 4153 1206 4210 bei
1228 4155 1286 4211 teti
1309 4156 1335 4211 in
1355 4155 1435 4213 Patre
1454 4166 1482 4213 ct
1503 4155 1573 4213 Filio
1592 4154 1720 4212 lerreutis
1734 4154 1845 4226 spiritus
1858 4153 1958 4211 ardore

305 4248 387 4308 donis
406 4256 506 4305 nostra
528 4246 635 4315 itinere,
655 4261 709 4317 quo
721 4246 868 4304 lexsaneta
883 4244 918 4301 de
933 4245 988 4301 beo
1002 4244 1105 4302 donarit.
1159 4248 1343 4320 prorupimus.
1359 4247 1413 4305 Sed
1434 4247 1559 4306 tractatui
1584 4262 1633 4304 suo
1656 4247 1718 4304 idei
1739 4255 1839 4302 nostra
1859 4245 1958 4301 renites

307 4341 425 4422 Angelus
438 4341 486 4398 ilci
499 4340 534 4398 ad
547 4340 619 4413 Agar
630 4339 759 4411 loquitur,
776 4350 802 4396 et
819 4339 889 4396 idem
904 4338 1024 4412 Angelus
1037 4339 1108 4398 bens
1159 4348 1315 4398 reservetur
1334 4357 1342 4395 ι
1361 4356 1422 4413 quaa
1445 4355 1506 4398 com
1527 4340 1653 4397 inclinata
1676 4338 1765 4396 ailad
1786 4339 1957 4395 securitatem

306 4445 359 4494 est.
376 4436 430 4495 Sed
444 4436 514 4494 iorte
528 4435 631 4492 ideirco
644 4434 724 4509 110
732 4450 784 4492 uon
798 4433 870 4492 Deus
882 4449 963 4491 rents
976 4444 1030 4504 est,
1045 4435 1108 4506 quia
1159 4430 1284 4503 legentis,
1306 4430 1443 4489 tractanda
1466 4441 1555 4490 tamen
1570 4441 1652 4502 atque
1673 4432 1838 4490 absolvenda
1853 4431 1959 4503 plenius

306 4529 419 4602 angelus
429 4528 477 4588 liei
490 4537 542 4587 est.
556 4525 693 4586 interioris
717 4527 790 4585 enim
805 4536 907 4584 nature
927 4526 1034 4583 ridetur
1056 4523 1108 4583 ltoc
1120 4516 1147 4577 D
1159 4535 1201 4584 est
1213 4525 1246 4582 ad
1257 4524 1475 4597 desperationem
1489 4527 1711 4585 contradicentis.

356 4714 385 4786 ll
400 4710 443 4771 iia
457 4726 574 4781 atroque.
1199 4710 1239 4786 (i)
1250 4710 1388 4769 Ministerii
1403 4714 1522 4786 officium.

307 4793 322 4859 g
357 4784 387 4857 ι)
400 4786 577 4842 attaminat.

310 4993 372 5053 iai.
395 4992 454 5051 bes·
476 4990 563 5050 sodex
584 5003 647 5048 aaut
671 4990 766 5060 Germ,
782 4993 858 5049 ἰιιιιιι
882 5001 920 5049 eat
941 4990 1017 5046 dorna
1031 5006 1041 5046 .·
1053 5005 1107 5049 uun
1196 4989 1233 5067 (c)
1249 4991 1308 5050 Duo
1320 5005 1386 5047 mss.
1402 4988 1480 5049 euti.
1491 5032 1499 5059 ‚
1512 5001 1540 5047 ιιι
1552 4992 1661 5056 tturttiet.
1684 4992 1820 5049 utinitlerii
1840 4991 1960 5065 apiciana,

310 5066 410 5140 placet.
1161 5064 1213 5120 hoc
1227 5064 1382 5122 laventibus
1394 5064 1512 5131 eatenis,
1525 5063 1597 5136 quod
1622 5080 1705 5136 prope
1727 5078 1824 5121 omnes
1843 5064 1964 5121 ιιιιιειιιι

346 5160 385 5233 (a)
401 5158 449 5216 E„
462 5157 537 5231 [ΛΝ.
554 5155 667 5223 eppa·
688 5157 715 5213 g„
736 5167 868 5231 mm,
886 5157 953 5216 Bag.
975 5174 1036 5216 cum
1049 5157 1111 5232 plu,
1161 5136 1299 5191 ministerii
1322 5135 1443 5206 officiam.
1468 5135 1623 5191 Proximum
1646 5136 1797 5193 Psalmistae
1820 5135 1907 5192 locum
1927 5152 1961 5192 ex

314 5230 390 5288 ribus
407 5244 474 5286 mss·
488 5245 520 5286 a
534 5239 651 5299 mmm
669 5228 841 5286 pfaesetissms
853 5244 885 5285 a
904 5247 964 5287 „m
982 5247 1045 5288 cum
1068 5245 1112 5287 tc·
1162 5205 1257 5291 Hilarii
1274 5207 1497 5291 interpretatione
1517 5206 1556 5261 ita
1573 5206 1777 5289 intelligendum
1792 5207 1895 5291 iiquel3
1911 5207 1963 5274 Qut

313 5300 473 5359 ‘umoribus
485 5300 574 5368 Copbw
591 5300 683 5368 Remu,
697 5299 802 5368 aem,
817 5311 871 5357 ew,
1163 5289 1270 5347 sparatus
1291 5287 1316 5331 ct
1337 5293 1423 5349 agnem
1445 5287 1560 5332 urentem
1580 5282 1640 5346 {unt
1664 5279 1770 5349 angelos
1790 5288 1815 5334 et
1831 5279 1963 5333 ministros

350 5389 389 5467 (i)
404 5392 433 5449 iu
444 5392 570 5465 irrigatis,
586 5392 626 5448 illi
652 5393 774 5461 ministri,
789 5404 854 5460 cle..
872 5407 938 5462 tum,
962 5395 1003 5452 sui
1025 5405 1112 5451 autem
1164 5363 1234 5404 ’ω’
1256 5346 1441 5414 undosumn’
1457 5357 1630 5418 &smnus
1645 5365 1698 5405 ⁰⁰¹¹
1723 5361 1817 5406 mum
1843 5350 1962 5414 ‘dm'

314 5465 441 5538 mmm
456 5464 500 5520 up„
515 5463 542 5520 ὴ,
557 5479 623 5523 ,Μ
637 5463 732 5531 Corbu
749 5479 803 5521 uno
816 5467 877 5522 Vm·
892 5479 919 5524 et
933 5467 1019 5536 Μ,
1030 5478 1057 5523 α
1075 5472 1113 5540 fn-
1166 5418 1238 5548 qgttod
1252 5419 1330 5486 llutrt,
1347 5433 1395 5475 seu
1409 5419 1482 5492 quod
1494 5420 1535 5476 eis
1546 5421 1602 5492 jann
1617 5420 1773 5477 constitutis
1785 5420 1963 5477 adventitium

316 5544 503 5680 ἓῗῗζῶᾞῖξξ
515 5539 1115 5684 ³n¹11¹¹t'iiitfffiin’stss‘s”3¹²i'irqiii'‘',}¹ilg'3ss⁰.
1168 5560 1244 5690 migr
1263 5559 1345 5619 sorta.
1369 5559 1418 5674 aa
1440 5564 1532 5633 nrm.
1555 5562 1720 5623 cancroma
1740 5578 1808 5624 mni
1831 5562 1966 5633 nenne

316 5680 392 5740 dam.
1205 5703 1242 5779 (ei
1255 5703 1399 5779 Exemplar
1409 5705 1491 5766 Caro.
1504 5706 1692 5780 quantitasne.
