4209 6250
154 262 212 324 itta

761 264 808 322 nt:
827 262 1014 325 ruutruru
1033 263 1136 322 bruun
1156 264 1199 325 tlt.

1757 276 1811 334 lli)

155 380 274 439 tenderis
288 377 465 450 intelligitur
481 378 649 450 compositus
667 380 720 436 erit
739 380 837 447 Pater,
854 392 881 440 ct
894 382 962 438 diri·
975 384 999 442 sl
1014 382 1079 437 ralis
1100 384 1228 440 nativitas
1248 382 1404 442 doceretur.
1420 387 1561 444 Postremo
1577 389 1648 460 quod
1668 388 1755 446 dixit:
1772 391 1814 447 Es

156 474 264 536 sibilis.
277 482 305 529 et
321 470 528 537 convertibilis,
546 479 574 527 et
593 485 691 542 corpus
711 473 859 529 secundum
882 475 960 541 illos,

159 576 200 632 et,
213 575 345 637 quantum
362 563 389 619 in
403 563 471 634 ipsis
486 570 539 629 est,
554 565 749 636 consequentia
767 566 889 635 corporis
902 581 962 622 sus·

160 657 321 715 tinenssino
345 669 463 727 corpore
473 654 554 711 beris.
571 673 582 709 i
598 653 696 713 Gravis
710 666 738 713 et
748 656 839 713 multae
849 656 964 714 dllllcul-

160 750 226 808 tatis
236 751 314 807 labor
330 758 405 807 esset
419 747 560 806 veritatem
575 749 713 822 religionis
733 750 875 808 ailiersum
892 751 964 809 lalsi·

161 845 230 901 tatis
249 843 415 914 impietatem
433 842 519 907 tueri,
537 840 561 897 si
575 852 705 912 quantum
723 841 807 899 audet
823 843 963 915 impietas,

162 939 192 996 in
206 949 310 996 tantum
322 936 479 995 consuleret
490 934 528 1011 (o)
543 935 766 1009 pisciniensis
790 935 877 1005 berre,
893 937 966 1010 quod

163 1033 373 1106 lrrcllglositatis
389 1031 516 1088 voluutas
530 1047 564 1089 ex
583 1031 673 1101 inopia
694 1029 846 1104 prudentie
865 1040 916 1090 cst.
932 1032 965 1089 lit

165 1128 337 1185 idcireoenm
347 1125 433 1182 lacilis
443 1124 479 1180 sit
492 1123 637 1181 adversum
651 1123 794 1180 stultitiam
806 1125 966 1196 responsio,

165 1220 322 1280 emendatio
338 1230 425 1275 tamen
439 1217 559 1274 dilllcilis
576 1217 719 1274 stultorum
735 1227 797 1274 est:
820 1232 868 1287 per
886 1232 967 1287 quniii

165 1317 287 1389 primum
301 1322 329 1370 ει
344 1312 411 1369 ratio
426 1309 611 1382 intelligentie
624 1326 678 1366 non
690 1309 836 1382 quaeritur,
851 1318 878 1369 et
892 1308 969 1364 dein-

165 1424 231 1480 ceps
242 1409 277 1465 ab
287 1405 454 1478 intelligente
465 1404 588 1460 intimata
602 1419 655 1461 non
666 1403 782 1474 capitur.
797 1401 850 1458 Sed
865 1400 970 1471 siquis

165 1503 250 1558 timor
267 1500 315 1558 bei
334 1508 361 1557 et
383 1496 569 1568 intelligentie
587 1497 737 1568 ignoratlo,
752 1510 806 1551 non
825 1494 971 1565 impietatis

166 1597 294 1652 uoluntas
314 1609 365 1666 per
382 1592 504 1650 stultitiae
524 1605 634 1649 sensum
654 1588 802 1648 detinuerit
818 1590 846 1646 iir
860 1603 970 1656 errore,

167 1690 207 1766 (ιι)
216 1705 296 1763 spere
307 1695 335 1745 ιιι
345 1687 379 1744 ad
391 1686 608 1745 emendationem
622 1686 754 1756 proclives
763 1683 817 1740 sint
828 1700 836 1750 ;
849 1700 909 1740 curn
919 1683 972 1739 irri-

1014 472 1186 544 Ριιιιεεειιιι,
1202 487 1225 532 et
1238 479 1294 533 ceni
1311 476 1383 551 (iot.
1398 496 1457 544 xvi,
1473 479 1537 552 Ξῖ),
1552 490 1641 538 ιιιιυιιι
1655 482 1815 555 arrrbiguita·

1014 574 1069 623 lein
1084 569 1238 642 reliquerit,
1254 572 1318 642 quin
1334 572 1531 643 intelligeretur
1544 588 1598 630 non
1609 575 1721 632 aliunde
1733 590 1814 646 quam

1014 675 1049 717 cx
1059 660 1139 718 Patre
1151 677 1211 719 esse
1225 664 1297 734 quod
1312 663 1382 720 licus
1395 663 1456 720 esti
1470 664 1508 721 Eu
1522 665 1602 721 Patre
1615 667 1688 723 enirn
1705 668 1816 735 exiens,

1016 754 1196 824 nequealiam
1207 756 1355 813 nativitatis
1373 756 1468 813 babuit
1486 765 1628 826 naturam,
1645 775 1733 831 neque
1752 761 1817 816 nul·

1016 845 1088 903 lam:
1104 845 1151 903 εει
1165 861 1227 903 eum
1239 847 1290 903 sibl
1305 856 1419 906 testatur
1431 860 1570 907 auctorem
1579 892 1587 918 ‚
1597 868 1632 907 ex
1644 867 1698 923 quo
1710 867 1742 908 se
1755 867 1819 924 pro-

1018 935 1109 994 iterur
1117 941 1216 996 exisse.
1232 940 1272 997 De
1285 941 1326 998 liis
1339 952 1430 999 sutem
1445 942 1663 1003 demonstrandis
1680 955 1762 1018 atque
1775 947 1819 1002 in·

1018 1030 1172 1103 telligendis
1183 1033 1316 1106 posterior
1325 1033 1390 1090 milii
1401 1051 1490 1092 sermo
1500 1048 1552 1093 εει.

1056 1123 1100 1178 ll.
1120 1123 1177 1181 Deo
1192 1126 1224 1181 de
1241 1142 1269 1181 ιε
1282 1143 1334 1182 noir
1348 1128 1449 1185 medere
1464 1129 1546 1199 nelos.
1558 1159 1594 1171 ·-
1607 1131 1716 1187 lntcrim
1731 1140 1820 1190 lanicii

1019 1216 1073 1274 boc
1091 1218 1246 1289 videamus,
1266 1237 1319 1293 qua
1340 1222 1458 1279 bominis
1479 1223 1575 1280 ssducia
1598 1224 1771 1297 intelligenda
1788 1226 1822 1282 dc

1021 1310 1078 1367 lieo
1089 1311 1260 1380 inhibentur,
1272 1330 1333 1386 quac
1348 1314 1445 1386 quoda
1460 1315 1517 1373 beo
1531 1317 1565 1373 dc
1575 1331 1605 1373 se
1616 1318 1687 1373 dicta
1700 1318 1755 1373 sint
1768 1333 1822 1373 noir

1021 1415 1163 1478 negantur.
1177 1406 1397 1478 Ograiissimuni
1413 1409 1539 1466 liunranae
1550 1409 1673 1467 stultitias
1684 1419 1766 1482 atque
1782 1412 1825 1466 in·

1022 1499 1144 1556 selentia
1157 1499 1291 1567 dedecus,
1305 1501 1483 1574 professionis
1498 1500 1604 1573 suedo
1618 1518 1649 1558 se
1667 1502 1751 1559 ileum
1769 1517 1824 1559 non

1023 1593 1105 1649 modo
1119 1608 1232 1666 arguere
1252 1610 1306 1651 non
1327 1595 1480 1663 credendo,
1496 1595 1545 1651 sed
1566 1595 1737 1653 emendando
1749 1595 1826 1652 daui-

1024 1704 1107 1756 naie;
1123 1699 1151 1744 et
1164 1688 1230 1744 illud
1243 1689 1378 1746 iiiedabile
1393 1691 1420 1746 in
1431 1704 1465 1746 eo
1477 1698 1581 1747 nature
1594 1704 1650 1746 suae
1664 1690 1826 1763 virtutisque

167 1784 279 1858 pietaus
298 1779 441 1839 stultitiam
459 1779 583 1837 absolute
595 1777 719 1835 ueritatis
730 1777 767 1833 sit
777 1775 972 1833 demonstratio
987 1782 1011 1845 Β
1024 1790 1176 1848 semesum,
1192 1778 1318 1836 humanis
1336 1782 1521 1839 contaminare
1538 1791 1565 1837 et
1578 1781 1737 1854 impugnare
1757 1780 1825 1837 doc-

165 1876 320 1949 prodltura.
1022 1870 1120 1938 trinis,
1147 1878 1176 1928 ει
1198 1870 1257 1928 hac
1278 1870 1379 1929 audere
1399 1871 1474 1942 loqui
1487 1890 1495 1927 a
1509 1871 1555 1939 Si,
1577 1872 1682 1944 inquit,
1707 1887 1742 1930 err
1770 1873 1825 1929 tter

206 1966 252 2025 td.
270 1966 431 2023 tutuiitei
444 1962 657 2037 ipsolleoneqiie
669 1962 777 2034 iprensi
791 1960 877 2028 Peter,
893 1976 973 2032 neque
1023 1974 1067 2022 est
1086 1963 1186 2032 Filius,
1200 1963 1375 2021 demutabilis
1387 1973 1415 2020 ει
1436 1978 1583 2038 corporeus
1603 1966 1675 2022 beris
1698 1973 1759 2032 εει,
1781 1962 1829 2035 qui

166 2062 388 2130 abedarium
398 2054 974 2129 utrm-buteriaesiutrtqilquteino-
1023 2073 1059 2116 ex
1080 2073 1110 2115 se
1125 2058 1270 2129 protulerit
1283 2058 1327 2115 iet
1351 2057 1521 2125 extenderit,
1536 2059 1608 2131 qiud
1631 2060 1684 2116 stoi
1704 2068 1779 2116 esset
1801 2060 1829 2115 tn

168 2154 216 2212 die
231 2149 417 2218 idemdicitis‚
429 2150 580 2208 nescientes
593 2154 618 2204 in
630 2148 715 2206 Deum
729 2162 843 2220 sapere,
858 2151 882 2203 si
902 2148 973 2204 enim
1025 2150 1127 2206 liliuml
1142 2151 1212 2218 Quid
1233 2150 1425 2218 sollicitares,
1442 2167 1476 2207 nc
1491 2150 1663 2208 demutabilis
1680 2152 1751 2209 lleus
1769 2150 1827 2208 sitl

170 2247 246 2320 qriod
260 2261 292 2302 ee
305 2247 373 2317 ipro,
384 2253 412 2301 ct
423 2243 496 2315 quod
510 2259 542 2299 εε
554 2251 636 2312 utero,
651 2252 679 2299 et
693 2242 764 2314 quod
776 2256 808 2298 ea
819 2238 900 2297 Pater
910 2241 976 2297 exiri
1025 2240 1082 2298 Nos
1102 2243 1269 2299 nativitatem
1282 2242 1457 2310 contremui,
1475 2259 1524 2300 nos
1539 2244 1705 2316 unigenitum
1728 2244 1828 2315 predi·

172 2351 198 2396 rt
211 2340 278 2396 irari.
295 2339 420 2408 Qriaeroa
436 2347 479 2405 te,
490 2335 542 2393 lroc
554 2345 640 2392 tntum
660 2336 761 2392 dictum
782 2351 798 2391 a
814 2332 887 2402 ιιεο,
906 2348 977 2391 anne
1026 2351 1121 2394 camus
1129 2352 1162 2394 ει
1172 2337 1228 2394 beo
1238 2336 1310 2393 docti
1320 2354 1327 2391 :
1338 2346 1382 2401 tu.
1396 2352 1430 2392 ne
1444 2337 1571 2393 nativitas
1584 2347 1706 2409 maneat,
1724 2353 1758 2394 ne
1770 2336 1830 2393 uni·

172 2449 229 2490 irou
247 2433 348 2489 dictum
366 2430 419 2487 siti
431 2431 537 2486 llictum
551 2428 645 2500 utique
667 2438 727 2486 eat:
742 2436 771 2484 ει
787 2440 899 2484 necesse
916 2433 976 2494 est,
1027 2429 1135 2503 genitus
1150 2430 1220 2485 lieris
1237 2429 1264 2485 in
1282 2428 1411 2486 Ecclesia
1426 2428 1479 2483 lide
1494 2429 1544 2493 sit,
1561 2437 1684 2484 naturam
1704 2428 1829 2485 indemu-

172 2540 237 2583 cum
250 2540 266 2580 a
277 2524 336 2581 Dee
348 2523 385 2580 ιε
394 2537 425 2580 se
437 2521 538 2578 dictum
551 2521 602 2587 sit,
619 2535 674 2577 non
687 2520 766 2576 aliter
773 2518 977 2590 intelligendum
1030 2522 1120 2579 rabilis
1133 2523 1179 2578 ilci
1192 2536 1251 2592 quae
1262 2536 1313 2577 nec
1322 2519 1430 2577 extendi
1442 2534 1493 2575 nec
1502 2520 1628 2590 protendi
1640 2521 1724 2590 possit
1733 2519 1771 2595 (ε)
1782 2535 1833 2589 op-

172 2634 332 2692 essequam
349 2616 452 2683 dictum
470 2624 523 2672 est.
538 2614 579 2671 De
591 2612 673 2670 dictis
693 2628 743 2670 suo
760 2611 837 2680 loco,
850 2612 979 2692 demens·
1029 2617 1119 2690 porris.
1136 2615 1269 2671 Aliensem
1291 2614 1357 2681 tibi,
1379 2612 1473 2669 irrlclir
1492 2628 1584 2682 error,
1600 2613 1682 2669 etiam
1700 2628 1733 2670 er
1748 2613 1833 2671 rebus

82 2700 91 2707 ⁶
173 2712 256 2769 tratis
264 2710 432 2782 singulorum
440 2722 609 2780 quorumque
617 2706 778 2774 virtutibus,
792 2704 978 2762 tractabimus.
1029 2708 1124 2766 mundi
1140 2705 1317 2779 quarumdam
1332 2715 1489 2761 naturarum
1504 2720 1565 2776 que
1579 2705 1726 2777 gignuntur
1738 2721 1832 2764 eueni·

174 2805 289 2861 lnteriin
300 2812 391 2858 tamen
404 2799 616 2873 uniuscuiusque
634 2799 838 2870 intelligentiam
851 2797 979 2865 consulo,
1031 2802 1124 2875 plum,
1138 2815 1173 2857 ne
1189 2798 1357 2856 nativitatem
1375 2798 1579 2870 protensionem
1593 2799 1784 2868 existimares,
1803 2816 1838 2859 ne

174 2895 243 2970 quid
254 2895 392 2953 existimet
404 2895 431 2951 in
443 2909 488 2962 eo,
502 2908 563 2950 cunr
572 2891 673 2949 dictum
683 2891 718 2947 sit
730 2907 762 2947 rs
773 2892 982 2962 ipsorutrumne
1032 2895 1201 2951 nascentium
1214 2902 1325 2950 naturas
1334 2894 1496 2951 detrimenta
1511 2893 1639 2952 crederes
1652 2909 1714 2951 esse
1725 2896 1839 2967 gignen-

177 3007 213 3049 ει
225 2989 313 3046 altero
328 2986 536 3060 intelligendum
551 2986 603 3052 sit,
617 2999 651 3042 an
667 2983 847 3053 necrnulle,
865 2998 899 3039 an
917 2995 982 3039 vcro
1033 2987 1117 3054 tium,
1132 2993 1161 3043 ut
1179 2987 1260 3043 etiam
1281 2985 1365 3041 multa
1385 2986 1445 3043 sine
1464 2987 1600 3058 corporali
1617 2987 1784 3045 admixtione
1802 3002 1836 3045 ex

176 3080 452 3156 ipseillceredeudus
462 3078 657 3137 sitiliraltero
668 3092 722 3136 non
733 3083 794 3135 est:
810 3076 871 3148 quia
882 3075 982 3147 teipso
1034 3078 1188 3136 virentibus
1199 3078 1227 3134 in
1239 3080 1363 3135 viventes
1374 3078 1479 3135 animas
1488 3078 1680 3151 gignerentur:
1695 3080 1748 3136 nisi
1763 3081 1838 3139 nelos

176 3188 233 3243 εει,
242 3176 270 3233 ιι
280 3175 419 3250 estritaut
428 3171 505 3245 non),
517 3171 680 3238 nealiuude‚
691 3178 876 3241 preterquam
886 3183 919 3224 ex
930 3167 1021 3231 θεοῦ
1038 3180 1126 3240 εεεει,
1139 3172 1195 3227 lieo
1207 3170 1242 3227 dc
1252 3184 1282 3227 se
1295 3169 1330 3244 (ι)
1346 3185 1399 3226 non
1415 3171 1579 3240 credidisse3
1594 3182 1621 3229 et
1635 3172 1722 3230 ultimi
1737 3173 1836 3230 luroris

178 3272 255 3330 Deus
267 3272 312 3328 sit.
328 3270 368 3326 Er
379 3266 464 3324 nihilo
474 3281 527 3322 noir
538 3273 598 3323 cst:
609 3264 671 3336 quio
685 3278 717 3320 ra
728 3264 787 3335 ipso
798 3273 854 3330 est;
870 3261 984 3318 demon·
1033 3265 1142 3322 vesania
1151 3263 1334 3336 iudicaretur,
1349 3264 1471 3323 adimere
1486 3267 1672 3323 auctoritatem
1686 3266 1720 3324 ad
1738 3267 1837 3338 idem,

181 3375 289 3423 stratur
301 3363 375 3420 enim
388 3372 483 3419 oritura
497 3358 570 3417 unde
580 3358 706 3415 nativitas
718 3366 770 3414 est.
787 3357 847 3428 lpse
858 3370 910 3411 non
920 3363 982 3412 est:
1034 3358 1079 3414 cui
1093 3357 1296 3415 venerationem
1316 3356 1471 3429 profitearis
1485 3357 1519 3414 ad
1533 3360 1627 3415 ritem.
1644 3358 1672 3417 Si
1692 3360 1764 3416 enim
1783 3375 1839 3417 non

181 3458 247 3530 quia
261 3455 308 3511 ubi
321 3471 355 3510 ea
366 3455 422 3526 ipio
435 3462 495 3520 est,
512 3452 638 3508 nativitas
652 3450 701 3506 lilii
719 3449 835 3506 retertur
848 3463 881 3506 cr
896 3454 983 3520 patre.
1035 3452 1087 3508 nisi
1106 3466 1155 3524 per
1169 3466 1231 3508 curn
1246 3450 1300 3507 vita
1317 3456 1373 3519 εει,
1389 3451 1526 3523 quomodo
1542 3466 1596 3507 nun
1619 3466 1667 3522 per
1685 3465 1747 3507 eum
1767 3451 1838 3510 tides

181 3549 288 3608 Deinde
301 3564 363 3606 curri
379 3545 546 3619 significatur
561 3561 592 3602 re
608 3552 697 3613 otuu,
710 3543 848 3613 interrogo
862 3557 896 3597 aii
911 3539 985 3597 credi
1035 3545 1099 3603 iliae
1118 3545 1179 3601 esti
1193 3544 1273 3601 Fides
1285 3552 1376 3601 sutem
1398 3545 1462 3599 ritas
1478 3543 1614 3615 quomodo
1632 3547 1659 3600 iii
1672 3559 1705 3601 eo
1716 3554 1774 3614 εει,
1793 3545 1840 3617 qui

181 3643 347 3718 possitcsse
364 3651 445 3699 natus
464 3656 497 3698 ex
516 3638 620 3706 nihilo,
635 3652 696 3694 cum
720 3636 869 3693 nativitatis
886 3634 987 3692 veritas
1036 3635 1088 3693 sibi
1102 3637 1136 3694 de
1148 3651 1178 3694 sc
1192 3637 1268 3693 testis
1279 3635 1396 3692 infidelis
1408 3634 1558 3691 habeaturi

183 3757 235 3815 per
244 3740 423 3814 corporalium
434 3735 640 3796 efficientiarum
651 3729 917 3791 nominarevcleiurl
927 3727 986 3786 Non
1076 3728 1155 3803 145
1168 3730 1211 3787 ιιι.
1227 3728 1292 3783 Filii
1306 3728 1510 3802 nuncupationes
1523 3728 1567 3799 qui
1580 3729 1613 3784 iil
1625 3727 1753 3784 hereticis
1766 3728 1844 3785 iutel-

182 3837 261 3895 cnim
282 3833 411 3892 membris
431 3830 619 3902 corporalibus
638 3827 791 3885 consuturis
813 3822 904 3890 biis,
924 3836 987 3879 cum
1038 3821 1295 3891 terim—tissime
1309 3819 1398 3888 enim,
1414 3818 1574 3890 impiissime
1589 3819 1731 3888 haeretice,
1747 3819 1845 3876 nativi-

183 3929 388 4004 generationem
406 3924 487 4000 m
498 3924 559 3981 llilli
574 3921 613 3996 (ι)
625 3925 861 3985 commemoraret,
877 3918 915 3972 ait
927 3933 934 3972 :
946 3913 990 3972 Εε
1040 3923 1123 3972 tatcin
1138 3914 1200 3971 Filii
1213 3914 1247 3970 ad
1261 3914 1410 3971 creationis
1425 3913 1612 3980 voluntatem;
1628 3921 1658 3969 ut
1671 3929 1725 3969 nori
1740 3929 1773 3971 ex
1789 3915 1844 3973 lico

184 4037 262 4081 atero
275 4033 334 4079 citi
353 4021 492 4093 taciturna
507 4019 583 4092 penui
604 4028 628 4073 te
642 4014 703 4088 (Pa.
723 4028 784 4081 cix,
797 4011 846 4085 5);
862 4010 911 4067 scd
932 4010 990 4066 ine-
1040 4018 1122 4067 natus
1135 4008 1189 4076 sit,
1204 4007 1253 4066 sed
1267 4007 1377 4064 volente
1392 4023 1426 4064 eo
1445 4009 1490 4080 qui
1511 4007 1631 4077 crearit,
1653 4025 1686 4065 ex
1706 4012 1845 4068 creatione

185 4116 352 4175 narrabilem
367 4115 441 4172 illam
456 4109 588 4184 unigeniti
601 4126 635 4167 ex
655 4124 685 4166 se
704 4107 750 4163 lilii
770 4105 937 4162 nativitatem
953 4118 989 4159 ox
1041 4102 1202 4161 substiterit.
1217 4101 1354 4159 litterum
1368 4101 1537 4158 idcirconon
1552 4101 1623 4158 bens
1635 4110 1695 4170 εει,
1711 4103 1774 4174 quia
1787 4118 1845 4159 ma-

190 4214 342 4273 dirinitatis
361 4228 417 4270 suae
430 4211 545 4268 sentite
562 4207 743 4272 conllrinans,
757 4203 791 4261 ad
809 4200 992 4272 intelligentta
1042 4206 1126 4253 rientc
1138 4194 1195 4250 Deo
1205 4209 1270 4261 uno,
1282 4209 1336 4250 uon
1348 4201 1437 4250 teneat
1447 4192 1534 4250 Filius
1543 4192 1655 4265 originis
1665 4209 1723 4251 sue
1733 4195 1762 4250 iu
1773 4195 1844 4251 nati·

187 4305 271 4365 tidem
284 4307 391 4364 locutus
401 4312 459 4370 est;
471 4291 544 4360 ut'de
555 4300 654 4358 divinis
665 4299 723 4355 suis
733 4295 831 4363 rebus,
844 4291 991 4350 secundum
1041 4290 1125 4345 nitate
1135 4295 1278 4353 naturam;
1293 4285 1342 4343 εει
1357 4286 1384 4343 lii
1397 4286 1577 4342 substantiam
1592 4285 1707 4343 alteram
1724 4285 1762 4361 (q)
1777 4301 1844 4343 con-

187 4403 335 4460 humanam
349 4406 490 4465 naturam,
505 4397 630 4453 liumanae
641 4402 744 4451 naturae
758 4403 867 4447 sensnm
881 4387 914 4443 ad
930 4385 993 4441 lldei
1044 4380 1123 4448 ditio,
1137 4383 1196 4452 ipse
1210 4389 1346 4450 tamquam
1360 4378 1515 4451 unigenitus
1526 4378 1727 4436 conditionibus
1746 4389 1775 4436 ct
1791 4380 1848 4438 lac·

188 4493 332 4551 scientiam
348 4490 488 4549 erudiret:
504 4496 536 4545 ut
555 4503 616 4545 cum
630 4485 669 4542 ait
686 4502 718 4541 rii
731 4492 820 4550 utero,
838 4496 892 4537 non
906 4494 940 4537 er
955 4476 995 4534 ni·
1045 4475 1114 4529 turis
1128 4471 1236 4529 ceteris
1248 4470 1423 4543 prestantior
1436 4469 1488 4525 sit:
1509 4469 1673 4527 substitutus
1693 4482 1801 4540 tamen,
1816 4481 1847 4528 ut

189 4588 248 4646 hilo
262 4587 364 4644 creatio
378 4585 545 4652 substitisse,
560 4581 609 4639 sed
623 4595 656 4638 cx
669 4594 699 4638 se
711 4576 849 4651 llnigcniti
862 4574 903 4633 sui
914 4581 993 4630 natu·
1004 4559 1030 4620 D
1043 4570 1188 4628 creationis
1200 4567 1313 4626 indulta
1322 4566 1362 4641 (li)
1371 4565 1423 4623 sibl
1433 4563 1533 4623 lrabeat
1541 4564 1778 4635 substitutionem,
1792 4583 1847 4625 nou

190 4722 717 4865 ιιιιιῗιέιέιιιιιειωωο
739 4721 871 4778 mmm
896 4717 997 4790 ¹⁰⁸³⁸⁵⁸
1047 4731 1189 4842 :illiti
1205 4712 1849 4842 {iiiiiilli‘lllii‘it.l2.³⁰llli‘il⁷;.53

217 4822 272 4940 11ιι)
293 4817 383 4932 iiiiii.
400 4870 557 4941 prudentio:
570 4867 737 4938 castigantur
750 4879 783 4920 ex
798 4861 915 4931 scriptis.
1047 4875 1106 4914 ianr
1120 4858 1231 4930 aliquem
1239 4856 1352 4941 ‘periuri
1367 4863 1495 4940 poterunt.
1602 4926 1608 4939 .

243 4945 271 5020 ι)
290 4943 340 4999 lls.
355 4943 435 4998 l-arn.
449 4941 526 4997 medo
545 4949 583 4996 iit.
600 4938 668 5003 stit,
685 4952 760 5006 spero
780 4943 818 4989 nt.
832 4936 866 4988 tlt
885 4931 996 5000 excusi,
1086 4929 1122 5003 (cl
1145 4929 1204 4999 Er„
1215 4927 1290 5000 Lips.
1302 4937 1330 4984 et
1342 4927 1418 4995 Par„
1431 4943 1494 4999 quui
1507 4936 1532 4983 ει
1546 4927 1622 4984 bodie
1636 4942 1646 4982 .·
1662 4927 1739 4984 nullo
1752 4925 1851 4985 siill‘ra·

192 5034 274 5087 apere
285 5015 364 5082 qnod.
381 5013 437 5070 iloc
454 5014 481 5068 in
497 5013 558 5068 loco
575 5010 666 5083 prodit
686 5006 818 5088 llilarius,
831 5019 884 5088 quo
906 5004 998 5087 auimo
1049 5011 1130 5074 garire
1145 5017 1197 5055 ms.
1349 5070 1355 5083 .
1396 5070 1402 5085 .

193 5097 257 5147 erat
270 5086 382 5143 allectm
397 5100 459 5156 erga
475 5098 538 5150 eos,
554 5083 599 5154 qui
620 5083 770 5153 ignorantia
784 5086 811 5130 ct
826 5074 998 5146 simplicitate
1086 5073 1128 5142 ιι)
1147 5071 1209 5126 Par.
1222 5086 1285 5126 ciiiri
1301 5080 1453 5143 antiquiore
1463 5086 1515 5128 urs.
1527 5070 1605 5129 Colb.
1618 5078 1646 5127 ει
1657 5069 1750 5128 Germ.
1761 5111 1769 5141 ‚
1781 5087 1852 5127 coru·

193 5161 264 5218 Ario
273 5158 419 5218 latebant.
436 5156 474 5211 uti
485 5155 540 5226 jam
555 5153 686 5209 adversus
696 5147 800 5206 Erasmi
817 5147 935 5218 argutiae.
949 5145 999 5200 ob-
1048 5152 1223 5199 memorasset.
1461 5217 1467 5228 Ι

194 5241 336 5290 serratum
353 5236 394 5283 est
415 5227 441 5283 in
463 5223 568 5296 praelat.
579 5225 625 5280 et.
641 5221 716 5279 llaud
738 5219 817 5275 aliter
834 5216 999 5273 Athanasius
1097 5215 1122 5281 ε)
1142 5212 1202 5268 liat.
1214 5213 1274 5270 bas.
1287 5229 1355 5280 ms,
1372 5230 1480 5286 capania
1492 5230 1502 5269 .·
1515 5215 1606 5271 minus
1618 5213 1697 5271 benc.

195 5304 246 5362 Or.
265 5318 285 5359 ii
303 5308 378 5356 cont.
392 5298 457 5361 Ar..
480 5312 506 5368 p.
523 5297 594 5361 ιιι,
614 5309 697 5366 agens
715 5291 749 5348 de
772 5291 806 5348 iis
824 5290 867 5360 qiii
888 5288 999 5344 ioioleni
1100 5282 1129 5358 s)
1149 5282 1223 5368 Liris..
1238 5282 1282 5339 liic
1296 5282 1396 5354 adjecit
1409 5288 1532 5341 reamari:
1545 5285 1616 5358 quod
1639 5284 1745 5342 abesto
1767 5284 1852 5352 llud,

196 5370 493 5449 poiumiituiiitri
505 5368 595 5425 Putria
618 5363 816 5438 nequit‚qunii
836 5362 864 5415 iil
884 5360 941 5428 lieri
956 5376 1001 5415 ire-
1051 5354 1287 5439 Er.etplerisque
1301 5369 1368 5441 mss.
1435 5427 1442 5442 ι
1504 5427 1511 5442 ὓ
1641 5426 1648 5443 ⁹

197 5454 292 5518 quein,
307 5443 358 5499 iiiii
380 5447 465 5511 perlis
476 5439 654 5510 intelliqontrrr
665 5453 674 5493 r
686 5436 730 5507 qui
740 5435 771 5489 de
784 5434 937 5503 incorporeo
947 5447 1002 5486 cor·
1089 5425 1128 5501 (q)
1144 5425 1231 5493 lidrtr,
1244 5426 1374 5481 conditur:
1386 5427 1563 5484 renitentibus
1573 5427 1702 5483 oninibus
1711 5441 1778 5482 mss.
1788 5427 1856 5484 Seir-

198 5533 280 5590 parre
293 5531 324 5569 eo
343 5514 425 5577 irunt,
444 5510 515 5566 εισι
534 5509 732 5565 imbecillitatem
753 5514 854 5560 naturis
868 5518 922 5558 sue
939 5501 999 5557 nili-
1043 5499 1101 5556 'sus
1115 5513 1195 5567 porro
1209 5507 1265 5558 est.
1280 5495 1391 5562 Tecum,
1406 5499 1528 5564 licceat,
1543 5500 1568 5553 iii
1582 5509 1627 5553 tua
1641 5497 1791 5566 sententia,
1807 5497 1856 5553 rt·

199 5596 277 5643 ιιιειιιι
289 5531 362 5641 uafro
375 5583 555 5656 propriuutem
568 5591 681 5653 paterne
694 5576 860 5638 aribitnutiie.
877 5578 940 5631 drrnr
955 5589 998 5628 ιο·
1056 5572 1106 5626 liiii
1120 5585 1171 5623 nori
1183 5575 1221 5623 eit
1234 5565 1321 5629 Diua.
1337 5568 1383 5622 sed
1395 5569 1526 5624 conditio:
1540 5570 1585 5626 ubi
1601 5571 1727 5625 advertas
1741 5570 1857 5640 particu-

200 5658 285 5715 loten
297 5655 387 5711 Patris
399 5654 471 5709 stulti
490 5669 522 5709 ee
531 5669 558 5708 se
567 5652 706 5708 metiuntur
717 5665 726 5704 .·
736 5645 877 5714 Cerauni,
898 5643 1000 5717 inquit,
1056 5643 1110 5699 lain
1123 5655 1182 5694 cuin
1196 5639 1240 5694 liic
1254 5648 1284 5694 ut
1296 5637 1360 5693 olibi
1374 5654 1423 5711 pro
1436 5640 1578 5695 secundum
1590 5640 1686 5708 accipi.

199 5731 266 5787 latos
280 5729 315 5783 rid
328 5724 652 5794 incommemoratos,
668 5734 851 5793 pertinacique
863 5732 914 5772 riori
928 5731 1003 5788 porse
1093 5710 1133 5784 lli)
1142 5711 1233 5794 'Abest
1247 5709 1323 5764 silio
1339 5726 1391 5794 ins.
1406 5711 1472 5796 bas.
1488 5711 1550 5770 iat.
1567 5711 1684 5795 Verbum
1705 5709 1859 5791 substituere

199 5817 257 5864 ειιε
267 5799 353 5873 filium
363 5795 429 5862 Del,
442 5811 543 5865 equum
554 5794 657 5868 quiilcin
664 5801 701 5851 eat
711 5801 739 5849 ιιι
750 5789 926 5849 misericordia
939 5802 1001 5860 pro·
1057 5784 1165 5844 suauis
1186 5790 1314 5843 usitatum
1323 5782 1476 5856 colligimus
1496 5800 1528 5843 ex
1552 5783 1694 5850 Faustino,
1706 5794 1767 5853 cap.
1780 5795 1800 5849 ι,
1815 5778 1860 5834 ubi

430 5891 571 5956 Parnon.
588 5888 630 5953 X.
1554 5878 1575 5945 6
