4209 6250
315 322 370 381 'tus

386 440 467 516 691
481 438 721 500 FRAGMENTUM
740 440 777 517 ιιι
791 440 874 516 (tilios
885 456 903 498 tt
918 443 1023 516 portis).

317 590 416 634 tuctrtr
436 590 579 632 exsuccos
607 574 646 649 (tt)
672 592 744 633 stom
774 576 814 650 (ι)
835 592 968 633 setsrouts
986 590 1070 633 uisse
1083 592 1118 632 to

365 683 551 726 consrsnrrmt
561 685 753 727 ruccnaronstt
767 686 914 729 sosarnus
928 685 1072 728 srtscorts.

574 782 637 853 (An.
653 783 706 840 559
717 783 848 857 munte.)

318 902 433 958 llomino
458 901 558 959 merito
579 902 787 975 gloriosissimo,
811 904 1038 961 victoriosissimo
1063 906 1119 960 Au·

353 1005 433 1067 gusto
445 992 605 1051 Constantio
618 995 738 1067 synodus
750 994 786 1070 (c)
799 994 981 1053 Ariminensis
993 995 1121 1053 Orienta-

353 1086 425 1143 libus
438 1087 617 1143 consenticus
628 1088 668 1157 (id
682 1096 719 1142 est
735 1086 775 1159 (d)
791 1086 949 1160 iiiqdonius,
967 1086 1119 1162 Mequsirts,

359 1177 636 1250 introeuntium,
660 1188 685 1233 et
707 1180 794 1235 ceteri
811 1179 856 1250 qui
875 1179 966 1234 bereti
983 1195 1122 1236 consense-

356 1271 439 1344 runt).

355 1368 382 1422 l.
395 1366 552 1423 substantioe
566 1382 657 1422 nonren
675 1367 807 1431 rejiciunt.
818 1395 854 1407 -
875 1364 1007 1422 illustrati
1036 1367 1122 1438 pieta·

319 1457 355 1513 tis
370 1465 423 1512 tua
436 1456 556 1529 scriptis,
567 1457 699 1514 maximas
713 1457 770 1512 Oeo
783 1457 926 1514 retulimus
937 1466 965 1513 et
974 1457 1121 1514 referimus

319 1551 431 1622 gratias,
445 1551 517 1622 quod
531 1564 580 1607 nos
593 1551 728 1619 beaveris,
745 1551 872 1607 intimans
885 1552 965 1607 nobis
982 1551 1044 1618 illa,
1060 1566 1121 1622 que

320 1659 382 1701 cum
398 1643 570 1701 discursione
585 1645 692 1716 pietatis
708 1652 762 1699 ture
782 1644 872 1703 lacere
893 1643 1069 1713 deberemus,
1087 1662 1122 1704 oe

322 1737 384 1809 quis
397 1737 461 1792 usic
477 1735 520 1793 rel
541 1736 668 1793 laomourii
684 1738 793 1793 nomina
816 1737 944 1794 Ecclesiae
967 1739 1013 1794 Dei
1029 1739 1119 1809 ignota

893 322 1015 380 suncti
1040 320 1168 380 dtbnutt
1190 321 1343 381 sciscunt

1919 326 1971 382 tot

1126 444 1149 503 d
1198 442 1226 496 ι.
1244 442 1359 496 Arimino
1373 441 1580 516 dimittirupom.
1607 469 1644 484 ·-
1665 439 1869 499 lindeoramos
1884 442 1972 514 pieta-

1170 542 1224 591 tem
1238 543 1322 602 tuam,
1335 534 1464 606 qnoniam
1478 534 1504 588 in
1517 549 1550 589 eo
1563 533 1625 591 loco
1635 533 1681 589 nbi
1694 533 1815 607 synodus
1826 542 1902 606 gesta
1916 542 1970 599 est,

1170 629 1242 685 trude
1256 643 1417 699 responsum
1429 643 1477 700 per
1492 636 1600 684 nostros
1615 628 1719 699 legatos
1732 627 1870 694 dedimus,
1881 628 1972 683 adbuc

1169 721 1334 784 detinemur,
1358 719 1440 793 092
1458 719 1552 789 iubeat
1573 732 1634 782 tros,
1658 718 1704 787 qui
1731 719 1864 789 integram
1885 718 1922 790 (s)
1943 717 1972 773 in

1170 811 1355 869 Orientalibus
1372 812 1523 867 docuinam
1543 811 1703 877 retinemus,
1726 810 1782 880 jam
1806 810 1840 866 ad
1862 819 1973 867 nostras

1171 906 1264 977 plebes
1279 904 1399 960 dimitti:
1416 912 1446 958 ut
1458 919 1491 959 ex
1505 903 1557 959 bae
1578 910 1655 973 parte
1669 911 1818 974 appaream
1834 909 1973 958 amatores

1171 997 1303 1062 ueritatis,
1319 998 1364 1067 qni
1380 997 1435 1051 Oeo
1450 1010 1503 1051 non
1516 1005 1620 1051 trmtant
1635 1010 1750 1061 nomem
1766 1010 1817 1050 nec
1837 1010 1900 1051 cunt
1918 995 1971 1062 eis,

1171 1090 1216 1161 qni
1232 1104 1359 1160 perversa
1378 1089 1503 1144 doctrina
1525 1088 1618 1144 indeed
1643 1098 1714 1151 sont,
1738 1087 1840 1143 diutins
1856 1103 1905 1142 nos
1926 1090 1974 1158 qui

1171 1182 1314 1237 toritatem
1327 1180 1489 1237 catltoliearu
1502 1191 1625 1236 tenemus
1636 1180 1817 1235 detineamur.
1834 1178 1912 1235 Unde
1923 1180 1976 1235 im·

1173 1289 1257 1345 pense
1274 1288 1395 1339 oramus,
1419 1273 1541 1339 domine,
1565 1273 1693 1342 pietatem
1714 1280 1787 1327 tuam
1806 1281 1871 1327 ante
1887 1273 1974 1327 ιιιιιιιι

1173 1376 1277 1440 ριιιιιιιι
1289 1377 1317 1422 ιι
1333 1366 1475 1421 Oomiuum
1486 1365 1579 1421 lesum
1591 1365 1729 1419 Christum
1746 1365 1830 1419 licum
1841 1373 1869 1420 et
1880 1363 1929 1420 bei
1943 1363 1976 1419 b·

1173 1458 1249 1525 lium,
1267 1459 1349 1514 iacias
1365 1473 1425 1526 nos,
1445 1458 1491 1530 qni
1511 1457 1722 1528 subscripsimus
1736 1472 1810 1511 sanae
1825 1457 1973 1523 doctrinte,

1172 1554 1331 1609 recedentes
1346 1554 1381 1608 ab
1394 1553 1458 1607 rusie
1474 1552 1595 1617 numine,
1612 1559 1638 1607 te
1659 1551 1821 1622 imperante,
1835 1562 1862 1606 et
1874 1551 1973 1622 jubeas

1172 1661 1223 1703 nos
1237 1648 1271 1703 ad
1291 1656 1398 1702 nostras
1421 1646 1515 1717 plebes
1533 1645 1650 1710 dimitti;
1667 1654 1696 1700 nt
1718 1644 1825 1700 lactetur
1840 1646 1976 1712 Ecclesia,

1170 1753 1232 1811 quae
1246 1736 1392 1793 immutare
1407 1738 1515 1793 nomina
1529 1738 1576 1794 Oei
1591 1747 1619 1793 et
1636 1736 1682 1792 dlii
1704 1738 1765 1807 ejus
1780 1754 1834 1794 non
1853 1738 1975 1794 admittit

319 1827 467 1899 aliquando
482 1829 617 1896 nominet,
631 1829 706 1901 quod
718 1829 876 1886 scandalum
887 1832 957 1886 inter
968 1829 1065 1888 iratres
1080 1832 1115 1887 ia·
1134 1832 1198 1893 Bin
1214 1839 1310 1898 totum,
1323 1831 1437 1901 imperio
1452 1841 1505 1886 ture
1515 1831 1623 1885 uirtutis
1636 1838 1664 1885 et
1677 1830 1772 1901 gloriae
1785 1850 1791 1886 :
1803 1832 1846 1886 cui
1863 1840 1971 1888 tanturn

319 1935 383 1978 cere
398 1923 483 1989 solem
499 1922 645 1995 plurimum
659 1923 787 1996 gratulati
806 1939 911 1994 sumus,
924 1925 987 1996 quia
1001 1925 1027 1981 id
1047 1928 1120 1997 quod
1171 1922 1298 1979 diuinitas
1312 1923 1437 1987 corrtulit,
1451 1921 1489 1996 (q)
1502 1932 1532 1977 ut
1545 1933 1659 1992 apparet
1673 1921 1817 1978 dicationis
1827 1926 1968 1997 sacrilegis

319 2015 480 2073 tenebamus
497 2018 713 2088 recognovimus.
728 2016 751 2073 0
767 2031 817 2073 nos
838 2016 942 2084 beatos,
957 2019 1056 2090 quibus
1075 2033 1121 2075 oc·
1169 2018 1225 2088 jam
1241 2018 1343 2074 nsiuet
1355 2018 1483 2072 tremensii
1496 2017 1754 2085 nominareeedant,
1766 2019 1859 2087 quatu
1870 2019 1973 2077 dit-inis

319 2109 405 2164 currit
421 2116 495 2164 tanta
514 2109 640 2176 lelicitas,
660 2119 689 2165 ut
710 2109 865 2180 cognitione
885 2118 938 2166 tuas
957 2109 1066 2181 pietatis
1082 2110 1118 2184 (e)
1172 2111 1319 2183 Scriptnris
1331 2112 1365 2168 de
1379 2113 1433 2168 Oeo
1448 2121 1476 2167 et
1488 2112 1534 2168 bet
1546 2112 1601 2168 idio
1615 2128 1668 2167 noo
1680 2112 1853 2169 irrueoittntur
1863 2114 1975 2184 scripta.

319 2200 439 2265 casuris,
451 2200 496 2272 qui
516 2199 576 2256 hec
591 2200 699 2257 nomina
713 2215 763 2272 pro
781 2201 836 2258 Oeo
854 2210 882 2257 et
902 2201 948 2258 bei
967 2200 1025 2257 lilio
1043 2217 1121 2258 assu·
1203 2192 1235 2261 ’5.
1248 2205 1377 2273 subveni,
1398 2205 1442 2275 pie
1461 2202 1618 2274 imperator,
1632 2204 1679 2260 oei
1691 2204 1789 2260 summi
1798 2204 1972 2261 cultoribus:

319 2306 397 2348 mere
413 2291 514 2359 solent,
535 2290 645 2348 niodum
668 2292 824 2363 acceperint
842 2294 954 2349 reuictil
971 2292 1026 2350 Nos
1039 2294 1121 2365 igitur

321 2383 469 2440 reddentes
491 2383 652 2456 obsequium
674 2384 829 2440 elementiae
852 2394 916 2450 tua,
939 2384 1011 2456 quod
1029 2400 1121 2441 coram

318 2477 444 2534 ueritatis
459 2485 547 2533 status
568 2477 675 2534 eluxit:
691 2493 751 2550 quae
771 2477 844 2549 quod
864 2479 968 2536 nesciat
987 2479 1079 2547 rioci,
1095 2489 1122 2536 et

318 2570 438 2627 obtinuit
452 2569 611 2631 victoriam:
631 2580 661 2626 ut
679 2571 817 2642 indignum
840 2572 895 2629 Oen
910 2587 1028 2643 nomen,
1047 2574 1121 2645 quod

319 2678 454 2731 nusquam
468 2664 494 2720 in
510 2663 614 2736 legibus
624 2665 726 2721 narretis
741 2667 872 2737 scriptum
884 2676 938 2734 est,
948 2666 1032 2739 jama
1047 2668 1121 2724 trullo

318 2755 435 2814 dicatur.

319 2945 456 3005 contessio
469 2962 485 3002 a
500 2947 596 3018 legatis
610 2946 775 3017 subscripta,
797 2956 923 3017 apparet;
945 2947 1009 3003 dum
1026 2948 1052 3004 in
1072 2949 1118 3004 illa

320 3019 519 3147 {ubstaqtiaofuert
529 3019 662 3085 ltomottsii
678 3018 817 3077 silentium
832 3019 939 3089 prucipi
952 3034 1027 3074 ιιιιιιι.
1042 3021 1070 3088 ι,
1086 3036 1119 3076 ac

341 3105 528 3234 ’liic'ltfnsuu
543 3161 584 3218 na
604 3175 697 3227 voces,
711 3162 858 3231 mumolum
879 3160 956 3232 fidei,
971 3163 1005 3219 ad
1021 3164 1121 3221 brimi-

321 3248 433 3288 neosom
445 3231 575 3290 ectbesint
588 3249 649 3302 quae
659 3234 723 3287 binc
736 3233 839 3302 dilapsa
854 3234 904 3296 sit,
921 3238 1059 3303 pertinere
1072 3253 1120 3307 po-

321 3306 374 3360 tius
389 3304 504 3361 ridetur.
513 3318 592 3376 qnam
606 3305 640 3360 ad
651 3303 802 3359 subnexam
816 3304 967 3375 epistulam.
978 3309 1032 3362 Aut
1044 3317 1119 3364 certe

1173 2298 1286 2353 sulmeni
1301 2300 1351 2359 eis,
1372 2296 1418 2367 qui
1433 2310 1483 2366 por
1499 2295 1636 2351 Christum
1653 2295 1700 2352 Oei
1722 2295 1806 2352 [ilium
1821 2297 1905 2352 θειιιιι
1927 2313 1978 2367 pa·

1172 2401 1241 2446 trem
1257 2390 1470 2458 omnipotentem
1489 2395 1570 2444 orant
1589 2407 1596 2443 :
1613 2387 1726 2444 subveni
1742 2389 1793 2454 eis,
1810 2391 1854 2458 qui
1868 2390 1974 2459 judicio

1174 2492 1219 2539 tuo
1237 2483 1276 2556 (d)
1297 2481 1410 2537 denotas
1423 2479 1543 2535 oderunt
1563 2495 1653 2543 aures,
1672 2480 1720 2551 qui
1739 2479 1864 2535 nesciunt
1883 2480 1976 2537 colere

1173 2574 1225 2630 nisi
1251 2574 1335 2629 Oeum
1361 2582 1463 2643 patrem
1490 2588 1537 2640 per
1563 2571 1706 2626 Dominum
1732 2581 1854 2627 nostrum
1880 2571 1976 2628 lesum

1173 2667 1308 2725 Christum
1328 2666 1421 2737 glorie
1435 2666 1495 2736 ejus
1507 2665 1600 2721 lilium.
1617 2663 1652 2720 Et
1664 2665 1799 2736 precipue
1819 2665 1887 2738 (iege
1905 2681 1978 2738 prn-

1176 2764 1248 2839 eipe)
1266 2762 1376 2820 domine
1398 2763 1557 2835 imperator,
1576 2761 1609 2818 ad
1630 2772 1737 2819 nostras
1760 2776 1810 2817 nos
1826 2761 1919 2832 plebes
1934 2779 1978 2819 re·
2063 2762 2069 2773 '

1174 2950 1219 3005 tire
1239 2948 1342 3004 nomini
1359 2947 1502 3003 retinendo
1516 2947 1652 3003 mordicus
1670 2946 1852 3004 adhaererent.
1869 2949 1902 3004 Et
1916 2952 1978 3022 qni·

1173 3021 1235 3076 dem
1249 3021 1274 3074 iu
1288 3019 1455 3075 seleuciensi
1469 3017 1573 3091 synodo
1583 3028 1690 3073 centum
1702 3021 1821 3090 quinque
1830 3020 1976 3088 episcopos

1175 3091 1359 3157 ltontoeusiou,
1379 3089 1522 3162 AEgyptios
1537 3104 1632 3146 oumes
1647 3099 1746 3159 praeter
1758 3090 1903 3163 Georgium
1927 3093 1978 3147 lm-

1174 3168 1315 3230 mousion,
1331 3164 1517 3217 anntnteusion
1530 3173 1620 3216 autem
1635 3163 1821 3218 novemdecim
1832 3165 1977 3220 dumtaxat

1173 3235 1335 3359 predicasse
1346 3245 1438 3289 narrat
1453 3241 1546 3288 noster
1559 3234 1718 3296 lliiarius,in
1729 3232 1873 3291 Cotrstant.
1886 3254 1913 3290 n.
1928 3238 1974 3292 li.

1183 3305 1230 3360 lac
1253 3316 1342 3361 tamen
1366 3311 1424 3358 arte
1443 3304 1629 3360 Occidentales
1647 3304 1807 3361 deluserunt
1827 3306 1929 3363 Valens
1948 3318 1977 3364 et

321 3378 343 3431 si
360 3375 492 3444 genuinus
509 3377 587 3446 liujus
597 3376 719 3445 epistole
737 3383 780 3430 est
802 3374 915 3440 titulus;
932 3391 986 3431 non
1006 3386 1060 3432 tam
1077 3366 1155 3432 lrieC
1171 3375 1312 3440 limacius,
1327 3376 1492 3447 affirmantes,
1508 3385 1536 3430 ut
1549 3392 1609 3429 teum
1624 3376 1754 3443 Sulpicio,
1766 3394 1792 3445 p.
1804 3377 1869 3444 259,
1884 3378 1977 3448 loqua-

322 3461 421 3504 nounnr
443 3445 559 3502 habetur
575 3445 778 3530 Fragmentum,
792 3461 873 3516 qnam
888 3447 1055 3503 continuatio
1073 3464 1119 3506 su·

322 3518 449 3590 periuris,
463 3531 525 3573 com
538 3533 591 3589 quo
604 3527 686 3573 etrum
702 3519 729 3571 in
745 3532 795 3570 ms.
812 3517 882 3572 Pitb.
898 3520 1028 3574 cohaeret.

360 3587 397 3661 (b)
414 3589 562 3659 Epistulam
578 3589 648 3644 banc
660 3588 693 3642 ad
709 3589 771 3644 antri
783 3587 948 3644 bidentum
963 3591 1118 3647 relerinms.

322 3660 395 3718 Sane
411 3662 491 3714 natissa
504 3675 558 3715 non
572 3669 624 3725 est,
639 3670 702 3715 ante
716 3674 796 3731 quam
807 3661 927 3731 episcopi
943 3662 1060 3721 Arirrtini
1073 3664 1118 3718 de·

324 3729 391 3786 tenti
413 3731 640 3801 peregrinationis
661 3730 741 3785 taediu
759 3731 867 3786 Arianis
886 3734 1043 3788 cessissent.
1068 3733 1122 3789 Nec

322 3811 462 3858 cesserunt
477 3802 533 3866 illi,
555 3806 606 3857 nisi
621 3812 764 3874 postquam
789 3803 908 3872 ipsorum
926 3804 1004 3873 legati
1023 3803 1122 3860 Nicaeu

324 3875 351 3930 in
389 3873 503 3929 Tltracia
540 3873 606 3943 lapsi
627 3874 779 3928 drirninnrn
804 3874 919 3941 regressi
939 3884 1041 3930 essent.
1064 3876 1122 3930 inm

323 3945 404 4000 etiam
422 3955 481 4012 post
494 3958 588 3998 eorum
604 3944 718 3998 redituro
732 3943 887 4013 aliquandiu
902 3949 1071 4002 restiterunt.
1087 3945 1122 4002 Ut

324 4014 398 4068 euim
416 4025 511 4070 auctor
529 4023 572 4070 est
592 4013 740 4085 Sulpicius,
758 4016 907 4086 legatorum
920 4017 1027 4072 illorum
1048 4020 1122 4087 igna-

323 4084 395 4140 uiam
411 4087 527 4153 primum
538 4101 633 4141 ottones
646 4085 829 4152 enitorrucrc,
847 4087 933 4158 iisque
951 4088 1004 4142 vim
1021 4093 1121 4159 regiam

240 4167 243 4172 “
325 4158 389 4213 lieet
401 4157 613 4225 deprecantibus
628 4169 722 4226 negata
736 4159 908 4224 communio,
925 4158 1011 4215 donec
1031 4161 1124 4229 paula·

324 4230 371 4284 tim
395 4228 517 4284 remissis
538 4229 637 4285 attimis
656 4230 682 4282 in
705 4238 807 4296 purtem
823 4231 935 4285 alteram
956 4242 998 4285 cst
1011 4246 1122 4285 conces-

324 4314 395 4354 sum.
410 4300 491 4369 Atqui
505 4301 596 4372 legati,
610 4310 636 4354 m
647 4297 809 4370 Fragmenta
822 4301 976 4373 superiore,
991 4320 1017 4355 n.
1031 4303 1059 4365 5.
1075 4316 1123 4356 no-

325 4380 408 4436 tatur,
424 4387 469 4427 an.
484 4371 546 4441 359,
565 4372 685 4427 octubris
702 4371 735 4428 to
748 4372 792 4428 die
808 4372 951 4428 iurmnlnm
966 4372 1000 4427 ab
1015 4372 1123 4427 Arianis

325 4442 378 4497 sibi
391 4446 555 4513 proqmsitam
576 4452 766 4514 susceperunt.
788 4443 830 4498 Ex
852 4443 1013 4515 Fragmeoto
1032 4452 1122 4499 antem

325 4513 500 4585 subsequenti
515 4515 667 4578 constabit,
682 4515 787 4570 delatas
806 4529 867 4570 esse
887 4514 934 4570 bas
954 4514 1060 4569 litteras
1076 4530 1124 4585 per

325 4584 428 4710 ἑιῆιιιιι
442 4585 520 4655 alios,
531 4603 564 4643 er
581 4586 700 4642 videntis
713 4586 841 4641 nimirum
851 4594 879 4640 et
889 4584 993 4642 Ursacli
1005 4582 1124 4642 lectione

344 4670 359 4711 e
370 4666 456 4712 cotos.

341 4751 398 4834 ·(c)
424 4750 610 4822 Inscriptionis
633 4749 713 4820 bajus
733 4747 901 4805 mendacium
917 4749 1028 4820 corrigit
1049 4750 1161 4811 lilla-D

325 4837 392 4886 rttts,
409 4823 453 4876 ubi
468 4821 569 4891 adjtcut.
585 4822 612 4875 ιιι
625 4832 662 4875 est
678 4820 837 4906 iliqdanins,
853 4830 906 4876 etc.
918 4819 967 4876 unt
978 4822 1050 4876 enim
1067 4838 1120 4879 oon

326 4902 455 4964 appareat
467 4894 502 4947 ab
514 4893 546 4949 iis
557 4894 668 4960 scripta,
684 4909 730 4961 qm
747 4891 866 4947 Valentis
878 4902 906 4946 et
920 4892 1023 4948 Ursacii
1037 4897 1120 4963 parti·

326 4964 377 5020 bus
390 4964 582 5044 aditaqebantl
596 4962 676 5019 Certe
697 4964 723 5019 in
737 4978 794 5026 eos,
809 4976 922 5031 quorum
937 4967 1082 5019 consensio
1096 4967 1121 5021 ri

325 5050 358 5090 ac
372 5037 454 5091 minis
465 5044 569 5092 extorta
583 5043 636 5099 est,
655 5034 765 5090 minime
782 5034 908 5098 contenit
924 5047 971 5090 attt
991 5052 1020 5090 se
1039 5052 1120 5090 otton·

326 5122 406 5176 quam
426 5106 505 5162 aliter·
519 5105 666 5161 credidisse
688 5105 816 5173 nemitori,
838 5116 882 5161 aut
899 5121 957 5172 eos,
980 5107 1024 5177 qui
1043 5108 1122 5164 aliter

326 5196 406 5252 qnam
429 5181 479 5251 ipsi
501 5180 581 5234 ttlutlo
599 5194 646 5246 per
662 5178 714 5232 uim
736 5175 849 5248 professi
864 5189 953 5244 erant,
967 5180 1121 5246 crederent,

327 5250 456 5309 burelico
482 5250 592 5307 notnioe
621 5249 760 5311 inlanmre,
783 5257 828 5302 nrtl
854 5248 1020 5317 imperatori,
1044 5250 1121 5316 eruitis

326 5327 482 5382 uiolentiam
508 5325 612 5392 orprcrti
632 5328 734 5386 esseut,
756 5332 808 5375 tam
830 5319 911 5391 impie
930 5322 1044 5376 atlttlari.
1066 5321 1120 5377 Sed

326 5398 371 5470 qui
393 5399 462 5452 lrartc
477 5396 609 5452 cuderunt
631 5392 785 5463 epistolam,
804 5388 829 5445 id
848 5391 874 5445 in
897 5407 989 5445 eorrun
1007 5394 1119 5463 gratiam

326 5470 374 5541 qni
384 5469 434 5524 sibi
449 5476 642 5523 consenserant
655 5465 806 5526 inseruere,
818 5470 848 5516 ut
856 5461 889 5517 ad
900 5464 1025 5589 &opirius
1035 5466 1122 5520 eccle·

327 5544 382 5597 sias
395 5540 500 5610 regredi
511 5538 552 5593 eis
563 5537 618 5607 iarn
632 5535 734 5596 liceret.
747 5532 818 5604 qood
832 5549 865 5589 eo
879 5533 896 5588 li

327 5627 382 5684 quo
396 5611 501 5667 facilius
512 5609 607 5664 lateret
618 5607 736 5677 ipsorum
750 5604 932 5660 rrreudacium.

365 5690 532 5748 Mendacium
545 5688 661 5743 alterurn
679 5684 832 5739 continetur
848 5686 891 5739 ltis
905 5683 1012 5751 verbis,
1029 5684 1122 5741 Orien·

328 5765 422 5817 talibus
433 5758 592 5814 consentiens
601 5772 611 5810 .·
621 5769 682 5809 cunr
691 5755 842 5810 Sozomeno
853 5755 983 5818 teste,lib.
993 5771 1030 5822 m,
1041 5771 1067 5812 c.
1078 5761 1120 5824 ts,

328 5830 483 5886 orientales
492 5840 598 5892 ontoes,
607 5823 725 5892 scupus
731 5825 876 5881 admodum
888 5822 991 5897 paucis,
997 5828 1122 5884 substan·
1172 5831 1258 5902 gerunt
1272 5844 1358 5883 aures.

1172 3463 1243 3513 ntur,
1258 3457 1407 3519 presentem
1418 3446 1495 3517 fidem
1510 3447 1637 3501 corbolien
1649 3447 1750 3502 ratione
1767 3458 1926 3518 reinceptum,
1942 3452 1975 3504 ιιι

1173 3519 1347 3575 Orientalibus
1361 3518 1515 3586 imperatore
1524 3528 1629 3573 urrctore
1639 3520 1779 3587 prolatum,
1797 3536 1854 3572 curn
1870 3521 1975 3585 piaculo

1172 3588 1306 3661 repudiari
1323 3606 1333 3643 .·
1353 3600 1381 3644 ct
1397 3589 1538 3648 addentes.
1560 3589 1595 3644 ur
1617 3590 1679 3656 qnid
1702 3589 1894 3644 discordiarum
1913 3592 1975 3661 pinis

1172 3665 1257 3733 foret,
1276 3663 1299 3715 si
1316 3676 1374 3729 qne
1395 3659 1571 3721 Orientalibus
1591 3661 1738 3731 plutonisset,
1764 3660 1975 3718 Occidentalilttrr

1172 3733 1336 3805 displiceret?
1350 3732 1479 3802 Qtrocirca
1494 3731 1639 3786 ctrtteilium
1652 3731 1900 3799 Parisicneinlra,
1914 3736 1973 3800 ml,

1173 3804 1242 3873 apud
1257 3803 1409 3859 Oriemales
1424 3801 1596 3871 testificator,
1619 3804 1709 3871 plnres
1723 3817 1829 3870 eorum,
1846 3806 1892 3874 qni
1914 3807 1975 3859 Ari·

1173 3876 1239 3930 mini
1252 3885 1299 3929 aut
1311 3874 1408 3929 Nicaeae
1422 3872 1584 3941 adfuerunt,
1599 3874 1649 3930 snb
1669 3875 1832 3930 anctoritate
1853 3876 1972 3933 nominis

1174 3947 1296 4015 ipsorum
1310 3946 1342 3999 ad
1358 3949 1423 3999 usim
1438 3945 1576 4000 silentium
1588 3945 1670 4002 inisse
1684 3955 1802 4001 coactos.

1210 4037 1250 4108 (ιι)
1270 4037 1297 4091 ιιι
1320 4036 1483 4106 Fragmenta
1497 4052 1555 4107 seq.
1577 4034 1737 4109 diuqdenins
1751 4036 1898 4093 scribitur:
1913 4038 1974 4094 llam

1175 4107 1306 4182 Epictetus
1323 4109 1464 4177 legendnm
1480 4118 1533 4170 est,
1555 4121 1609 4161 uon
1627 4106 1767 4174 iipitectus.
1781 4109 1849 4162 Turn
1865 4110 1917 4163 sub
1933 4110 1975 4165 bis

1173 4181 1273 4246 ueritis,
1292 4188 1315 4233 el
1326 4180 1409 4234 caetera'
1419 4180 1461 4246 qui
1474 4178 1565 4233 ltoeresi
1580 4190 1771 4242 consenserunt,
1785 4182 1974 4250 intelliguntur

1173 4263 1219 4307 ant
1235 4251 1278 4322 qui
1304 4251 1507 4318 praenominatis
1528 4250 1639 4304 ituresis
1658 4248 1809 4306 fautoribus
1829 4252 1856 4306 in
1877 4255 1974 4307 eadem

1174 4322 1356 4394 promovenda
1382 4321 1518 4392 adjutores
1540 4336 1648 4390 semper
1670 4322 1792 4387 inertum,
1813 4330 1841 4378 et
1863 4322 1973 4387 ltaeresi.

1174 4408 1255 4466 quam
1268 4394 1294 4447 iu
1305 4394 1415 4449 Oriente
1426 4393 1631 4465 propugnabant
1645 4392 1783 4456 nrunuoei.
1796 4405 1895 4462 sponte
1907 4410 1974 4449 con-

1175 4473 1335 4531 senseruut3
1350 4477 1395 4518 aut
1409 4463 1454 4535 qui
1468 4463 1502 4519 nb
1518 4463 1559 4518 bis
1570 4465 1679 4531 perrint
1692 4478 1725 4519 ac
1735 4463 1857 4519 iraudem
1868 4465 1974 4521 seducti

1174 4545 1247 4592 sum.
1263 4534 1340 4590 Nulla
1356 4536 1407 4590 alia
1426 4535 1461 4590 de
1479 4550 1559 4589 cansa
1574 4535 1632 4589 irae
1647 4534 1765 4590 ililarius
1778 4535 1883 4591 ridetur
1897 4537 1974 4592 addi-

1175 4608 1259 4668 disse,
1282 4608 1332 4661 nisi
1356 4616 1385 4660 ut
1407 4605 1584 4676 posteriorem
1610 4606 1776 4662 intellectum
1803 4607 1972 4665 excuderet.

1175 4677 1298 4734 Priorem
1311 4686 1401 4733 antem
1415 4686 1478 4732 nota
1492 4691 1609 4749 sequens
1623 4677 1806 4733 confirmabit.

1211 4777 1247 4850 (e)
1263 4778 1419 4850 Legeudom
1440 4779 1552 4832 omniuo
1573 4777 1667 4831 neeri
1689 4776 1718 4834 Si
1735 4793 1842 4845 qmeros
1861 4777 1972 4844 quinam

1174 4850 1211 4906 illi
1226 4852 1311 4906 ceteri
1325 4851 1370 4922 qui
1384 4850 1542 4904 substantiae
1552 4858 1579 4904 et
1590 4847 1723 4903 irnmousii
1735 4850 1843 4904 nomina
1856 4864 1905 4918 pro
1917 4849 1974 4904 Oeo

1173 4933 1201 4978 ct
1212 4923 1258 4977 Oai
1273 4921 1329 4975 lilio
1342 4934 1482 4975 assumere
1495 4920 1601 4983 solent;
1617 4930 1671 4973 tota
1682 4921 1804 4992 synodus
1817 4919 1975 4975 Ariminen-

1173 4995 1222 5056 sis,
1237 4992 1330 5066 paucis
1350 4991 1457 5048 Arianis
1471 4990 1602 5060 exceptis,
1619 5005 1652 5046 eo
1665 4991 1775 5047 nustriae
1793 4992 1974 5061 eornpreben-

1173 5062 1262 5119 demta
1281 5066 1344 5118 erit.
1362 5063 1379 5117 ιι
1398 5064 1482 5132 igitur
1497 5062 1547 5116 soli
1563 5077 1634 5116 ottnc
1653 5063 1786 5127 serilmnt,
1805 5063 1850 5129 qui
1872 5064 1975 5117 Arimi-

1174 5134 1268 5190 nensis
1281 5134 1377 5206 synodi
1397 5132 1476 5188 initio
1493 5133 1634 5187 catlrolicis
1657 5133 1832 5200 restiterunt,
1847 5136 1974 5204 quamn-is

1175 5209 1258 5261 totius
1270 5206 1367 5277 synodi
1380 5205 1431 5261 sibi
1448 5218 1546 5259 nomen
1561 5204 1628 5259 laiso
1641 5204 1799 5259 attribuant.

1211 5298 1245 5372 (s)
1262 5299 1290 5355 ld
1306 5310 1359 5365 est,
1374 5299 1418 5369 qni
1433 5298 1583 5353 doctrinam
1594 5339 1602 5363 ,
1615 5312 1677 5368 quau
1693 5297 1719 5352 in
1734 5296 1918 5355 Orientalibus
1931 5309 1974 5355 est

1172 5369 1289 5440 integra,
1305 5385 1356 5426 nos
1369 5371 1488 5426 retinere
1502 5369 1669 5440 prolitcmnr.

1210 5450 1249 5522 (ql
1263 5448 1356 5518 Forte,
1370 5461 1397 5504 nt
1414 5449 1527 5514 abolitis,
1543 5463 1592 5504 seu
1612 5448 1747 5522 ablegatis,
1761 5447 1916 5504 dictionibus
1929 5467 1974 5505 so·

935 5532 1007 5589 otius
1021 5533 1120 5602 iecere,
1170 5522 1283 5592 ‘'iltuit-

1212 5612 1252 5687 (ι)
1266 5614 1340 5669 Alias
1359 5629 1420 5670 cnm
1436 5629 1488 5670 ms.
1507 5610 1591 5678 citu..
1608 5611 1711 5668 denotor
1726 5613 1838 5681 oderunt
1857 5631 1945 5669 omnes
1962 5629 1974 5669 .·

1173 5702 1206 5744 ex
1217 5700 1271 5757 quo
1284 5685 1506 5752 corrjectabaurus
1519 5683 1661 5755 legendum
1675 5700 1736 5739 esse
1746 5685 1848 5740 deuotus
1859 5683 1974 5751 offerent

1173 5768 1280 5816 meotes.
1291 5771 1353 5811 curo
1369 5773 1401 5812 ex
1422 5771 1474 5813 nus.
1487 5755 1569 5813 sirm.
1586 5757 1664 5812 nobis
1677 5756 1797 5813 occurrit
1807 5756 1910 5813 dcootm
1929 5758 1973 5827 op·
