4209 6250
165 268 217 326 tsi
554 261 657 319 tibuit
675 259 722 318 DE
741 257 909 328 sinonis,
929 257 996 318 SEU
1017 258 1061 316 DE
1082 257 1162 317 ituit
1181 256 1429 318 Ostenduntur.
1762 265 1817 325 439

174 364 177 370 ’
201 382 229 436 2.
243 376 632 450 Gottioeepitcopisgrotalotar
645 378 808 449 abnepotum
823 376 965 433 Saturnino
979 378 1003 440 Α
1018 384 1112 432 tronus
1122 374 1204 447 binius
1217 375 1353 431 lrmreseos
1379 371 1534 445 ingerendae
1557 372 1718 444 ortibusdam
1740 377 1819 435 tubis

167 474 383 539 cotumattionem,
396 474 427 527 ot
452 472 599 528 dornoniam
624 471 715 528 siant
738 471 827 543 fidon.
849 500 885 512 -
910 470 966 528 Sed
1019 470 1133 527 testibus
1143 469 1384 535 denuntiaveram,
1399 467 1547 540 introrsus,
1563 467 1598 541 (il
1613 468 1756 537 inuiolata,
1772 486 1818 528 re·

167 566 255 624 beate
268 564 333 622 tidei
343 571 441 622 vestrm
460 563 501 636 (n)
515 564 613 621 litteris
623 564 755 636 sumptis,
776 580 889 636 ortorum
913 565 968 622 leo·
1018 560 1124 632 ligium.

167 659 311 716 titudinem
323 658 506 714 sonoritatem
533 656 568 714 de
594 657 682 714 exsilii
698 658 752 715 mei
763 667 791 715 et
801 657 968 731 longitudine
1055 655 1083 711 5.
1098 652 1200 710 Hercei
1222 661 1388 728 prorupturae
1406 668 1458 707 non
1479 651 1586 720 cedunt,
1611 662 1820 726 prorumpentem

167 760 314 827 etsecrcto
338 750 462 822 intelligo
482 750 654 816 constitisse;
681 750 831 822 gratulatus
852 764 913 806 sum
939 750 967 806 in
1019 747 1407 822 frongtmt.ddresipitrerttioot
1415 745 1820 820 Orientaletenemplorsocom-

169 845 303 914 Domino,
317 842 545 902 incontaminatos
556 857 606 899 ros
616 850 644 900 et
654 842 756 899 illesos
767 842 803 899 ab
815 843 891 899 omni
900 857 969 901 eon·
1019 838 1447 911 monent-Exspectastisenim
1460 848 1562 895 sanum
1573 848 1602 897 et
1615 838 1820 897 indemutabilis

168 939 243 1010 tagio
254 935 423 994 detestande
437 934 574 991 hereseos
585 935 753 1006 perstitisse,
774 948 877 1007 rosque
890 950 968 991 com·
1019 933 1231 1005 perseverantia
1245 932 1392 1004 gloriosum
1407 931 1593 1004 triumptmm,
1617 947 1671 990 non
1696 933 1819 992 redeam

169 1031 317 1106 participes
327 1030 414 1088 exsilii
426 1027 494 1097 mei,
511 1028 622 1098 inquad
632 1043 676 1083 me
690 1026 868 1094 Saturninus,
883 1030 968 1100 ipsam
1020 1026 1159 1085 ὃιιιιιιιῑιιί
1172 1026 1267 1094 minis,
1282 1026 1478 1096 potestatibus,
1495 1027 1573 1086 bellis
1585 1045 1592 1084 ι
1606 1039 1634 1086 et
1653 1045 1715 1087 cum
1730 1031 1822 1089 onrnia

169 1123 365 1183 conscientiam
376 1136 452 1178 suam
463 1120 775 1187 veritas,circumveoto
799 1119 837 1192 (b)
852 1121 968 1192 impera·
1020 1121 1182 1179 incboandae
1195 1120 1406 1192 blaspbemimin
1422 1121 1507 1178 ῠιιιιιιι
1517 1124 1666 1181 certamina
1679 1138 1823 1182 moveren-

170 1227 229 1278 tore
241 1220 410 1280 detruserat,
422 1224 518 1287 negata
542 1213 594 1285 ipsi
619 1228 705 1284 usque
725 1212 778 1270 boe
792 1223 899 1284 tempus
911 1221 970 1269 toto
1021 1221 1075 1284 tur,
1089 1222 1232 1271 manentes
1246 1227 1318 1270 nunc
1330 1228 1417 1285 usque
1429 1227 1534 1270 mecam
1545 1213 1572 1271 io
1586 1214 1695 1273 Christo
1709 1217 1822 1287 irdcles,

167 1312 352 1386 jomtrienuio
368 1304 643 1372 communione,lide
666 1303 733 1360 mibi
757 1319 789 1361 ac
814 1305 971 1373 spirltuco·
1022 1321 1110 1379 neoue
1128 1315 1208 1363 anteo
1232 1306 1266 1363 ad
1292 1306 1463 1362 occasionem
1490 1316 1660 1379 prorupturae
1686 1308 1823 1368 lmrcseos

169 1405 275 1461 herere
289 1424 296 1461 :
310 1412 339 1460 et
349 1402 460 1457 missam
477 1397 601 1470 proxime
615 1396 693 1453 robis
706 1410 741 1453 ex
755 1395 897 1453 Sirmiensi
919 1413 971 1468 op·
1022 1400 1161 1471 cessistis,
1176 1408 1205 1457 et
1219 1415 1290 1457 autre
1304 1415 1412 1456 omnem
1426 1400 1485 1472 eius
1514 1402 1690 1471 petulantiam
1717 1402 1745 1461 in
1761 1420 1824 1476 pro·

170 1496 235 1569 pido
245 1494 363 1553 infidelis
377 1492 439 1549 ildei
454 1490 640 1560 impietatem,
655 1503 709 1544 non
725 1487 806 1544 modo
833 1503 887 1542 uon
912 1501 972 1544 sus-
1022 1493 1157 1564 ruptionis
1167 1493 1362 1565 congressione
1376 1492 1503 1566 fregistis.
1522 1494 1630 1552 vicistis
1640 1496 1730 1564 enim,
1756 1498 1824 1554 Fra·

175 1589 298 1661 cepisse,
312 1586 360 1643 sed
371 1584 521 1640 nuntiatam
533 1581 616 1639 etiam
638 1578 872 1652 significatamque
896 1580 973 1635 dam·
1025 1594 1095 1652 tres,
1110 1600 1171 1641 cum
1188 1584 1289 1656 ingenti
1303 1584 1365 1642 lidei
1379 1584 1532 1642 communis
1559 1587 1740 1658 gratulatione
1761 1607 1769 1645 ι
1797 1600 1826 1647 et

176 1695 265 1738 nasse.
276 1676 468 1736 Necessarium
479 1673 545 1730 mibi
560 1689 592 1729 ac
603 1672 763 1744 religiosam
791 1672 930 1738 intellexi,
944 1680 974 1728 at
1024 1678 1160 1751 geminam
1176 1679 1270 1735 imbuit
1286 1678 1379 1736 illaesa
1394 1679 1433 1752 (g)
1448 1682 1609 1738 constantin
1624 1689 1722 1739 restrae
1736 1681 1825 1741 bonor

174 1786 248 1829 nunc
262 1769 337 1842 qnasi
351 1769 498 1842 opiscopus
512 1766 649 1838 episcopis
675 1779 781 1821 mecam
810 1765 836 1819 io
861 1761 971 1822 Christo
985 1777 1009 1840 Β
1021 1772 1154 1842 gloriam,
1178 1773 1212 1827 de
1226 1770 1381 1841 integritate
1395 1773 1500 1830 seilicet
1524 1774 1717 1844 conscientie,
1741 1787 1769 1835 et
1790 1779 1827 1837 de

173 1860 436 1922 communicantibus
448 1858 576 1915 salutaris
586 1871 618 1914 ac
631 1855 721 1913 tidelis
732 1856 868 1913 serinonis
889 1856 965 1913 collo
1024 1862 1142 1933 exempli
1155 1863 1326 1919 anctoritate.
1341 1862 1406 1918 Nam
1419 1864 1481 1920 ildei
1502 1875 1600 1923 restrae
1624 1869 1825 1940 imperturbata

173 1957 236 2030 quiin
249 1954 484 2011 transmitterent
499 1960 529 2009 et
540 1951 587 2022 qui
607 1965 657 2021 per
677 1956 779 2005 metam
795 1949 972 2016 incertorum,
1024 1954 1249 2026 inconcussaeque
1261 1954 1349 2022 lanta,
1364 1955 1495 2026 quosdam
1510 1958 1688 2017 Orientalium
1717 1963 1825 2033 episeo·

173 2047 348 2108 conscientie
359 2052 554 2102 tantumantea
566 2057 652 2108 men,
667 2041 740 2113 qnod
763 2041 798 2097 ab
823 2040 866 2097 bis
886 2041 975 2097 omni·
1025 2045 1214 2118 posserojam
1225 2046 1388 2118 adaliquem
1401 2047 1755 2118 pudoremnutritaeexiodc
1767 2055 1825 2112 aa·

175 2140 227 2198 bus
234 2154 324 2197 essem
337 2138 417 2206 liber,
432 2135 599 2210 gratulabar,
612 2148 685 2191 nunc
694 2133 751 2204 jam
775 2132 926 2189 communis
941 2133 975 2188 u·
1027 2150 1121 2194 reseas
1131 2141 1450 2209 auctaequccommnrit:
1465 2150 1494 2196 et
1504 2140 1605 2198 auditis
1627 2144 1660 2200 iis
1680 2160 1741 2216 qun
1755 2131 1826 2217 opud

177 2233 222 2290 dci
231 2227 654 2301 nostratiotegritategaudcrem.
665 2225 824 2296 0gloriose
834 2227 976 2283 conscien·
1028 2230 1157 2288 Sirmium
1171 2228 1325 2301 conscripta
1339 2232 1499 2302 impiissimo
1513 2241 1605 2305 erant,
1614 2235 1827 2310 irreligiosorum

178 2328 329 2384 tiavestrae
351 2325 540 2381 inconcussam
558 2320 747 2377 stabilitatem!
770 2317 912 2375 Osstmnm
937 2319 973 2391 (cl
1027 2324 1148 2381 audacia
1157 2323 1319 2396 quibusdam
1333 2326 1529 2383 sententiarum
1540 2329 1777 2388 suarumdecretis
1787 2332 1830 2406 (lt)

180 2422 268 2479 tidelis
279 2429 360 2491 petra
372 2417 526 2475 laudamine
537 2416 665 2473 domum!
686 2414 709 2471 0
732 2415 900 2472 intemerate
925 2430 973 2471 ro·
1028 2417 1264 2474 contradixerant.
1288 2416 1324 2473 Et
1346 2415 1410 2474 licet
1432 2435 1486 2474 nort
1513 2421 1573 2477 sine
1602 2422 1693 2494 aliquo
1720 2425 1828 2482 aurium

182 2516 294 2574 lurtutis
304 2513 415 2572 illesam
427 2510 702 2584 imperturbatamque
714 2507 756 2583 (d)
777 2510 975 2566 constantiam!
1028 2507 1157 2565 scandalo
1166 2515 1196 2564 et
1207 2507 1258 2579 piae
1268 2506 1460 2566 sollicitudinis
1474 2510 1624 2570 offensione
1648 2516 1799 2572 restiterint
1821 2534 1829 2572 c

181 2606 422 2676 mansuramque,
432 2611 516 2676 atque
528 2606 610 2659 etiam
626 2615 697 2658 nunc
709 2600 793 2674 460
816 2608 976 2673 permanet,
1031 2614 1122 2661 tamen
1132 2603 1201 2660 adeo
1211 2606 1387 2671 restiterunt,
1400 2613 1430 2659 ut
1444 2604 1520 2675 ipsos
1534 2605 1611 2674 illos,
1624 2608 1668 2680 qui
1681 2618 1745 2664 tunc
1758 2609 1831 2682 apud

179 2710 242 2775 post
253 2700 347 2774 synodi
362 2699 525 2755 biterrensis
540 2696 755 2769 professionem,
768 2697 796 2752 in
806 2711 859 2768 qua
882 2698 918 2770 (t)
932 2712 980 2769 pa·
1030 2697 1158 2755 Sirmium
1170 2697 1197 2752 in
1212 2697 1374 2753 mamutium
1386 2695 1501 2754 Potantii
1514 2705 1595 2771 atque
1613 2700 1647 2771 (i)
1663 2699 1736 2769 0sii,
1752 2701 1789 2758 ita
1803 2710 1833 2761 et

216 2858 255 2935 (o)
268 2859 296 2914 Si
309 2858 418 2929 quidem
445 2857 479 2914 iis
505 2856 602 2914 litteris
623 2856 734 2921 didicit,
761 2855 854 2915 Gallos
876 2855 977 2913 editam
1070 2857 1109 2930 (la)
1124 2857 1172 2914 llic
1183 2865 1311 2914 notantur
1323 2856 1474 2930 Ancyranae
1484 2860 1580 2933 synodi
1592 2860 1713 2920 decreta.
1730 2864 1833 2925 Deinde

182 2946 254 2989 anno
266 2931 334 3002 55¹1,
344 2929 539 2987 contessionem
566 2928 744 2985 sirmiensem
773 2929 826 2999 (tel
862 2940 890 2983 ut
912 2943 978 2984 con·
1032 2937 1094 2999 post
1108 2928 1219 2985 verbam
1231 2929 1459 2998 contradixerunt,
1474 2931 1499 2986 in
1524 2933 1598 3004 prins
1618 2934 1734 3005 vulgatis
1748 2936 1833 3008 subji-

181 3012 284 3061 stanter
296 3008 386 3059 exstat
399 3001 425 3056 in
439 3014 503 3056 mss.
516 3000 684 3068 Sirotcosem)
695 3016 748 3055 non
760 2999 840 3054 modo
850 3015 903 3054 non
916 3014 977 3054 sus·
1031 3000 1155 3056 elebatur
1171 2998 1223 3054 :Et
1236 3002 1259 3054 ιι·
1274 2999 1543 3071 dilipenterrentemia
1555 3002 1610 3059 bec
1620 3020 1733 3074 expenso
1746 3017 1831 3077 esset,

181 3080 286 3148 cepisse
297 3074 362 3144 ,sed
375 3079 403 3131 ct
413 3072 573 3137 damnasse;
587 3072 672 3143 liquet
682 3086 729 3128 cas
743 3080 790 3127 aut
803 3079 919 3128 crettttte
930 3087 976 3126 an.
1031 3072 1100 3142 forte
1110 3071 1187 3128 totins
1197 3069 1334 3129 Troctotat
1344 3073 1393 3127 ιιιιιΙ
1401 3073 1469 3128 torto
1479 3090 1531 3131 ιιοιι
1554 3074 1647 3145 luisset
1671 3080 1826 3150 suspicioso.

182 3149 235 3205 557
248 3153 349 3203 autan.
361 3145 414 3202 558
424 3145 534 3201 itreuntc
546 3145 580 3199 ab
591 3145 650 3214 ipso
664 3144 747 3200 fuisso
756 3153 893 3210 acceptas.
908 3142 976 3199 Cum
1032 3142 1094 3200 Non
1109 3145 1176 3198 enin
1188 3144 1325 3198 munimem
1337 3143 1390 3198 illie
1403 3185 1411 3210 ,
1424 3145 1493 3215 qnod
1505 3163 1557 3201 non
1568 3148 1619 3202 nisi
1630 3165 1691 3204 cam
1703 3151 1828 3209 scandolo

182 3229 273 3276 autem
286 3219 445 3274 incotnassa
459 3216 504 3272 illa
518 3216 544 3271 iu
559 3215 710 3270 detonantia
726 3213 853 3285 praedicta
868 3216 975 3271 curiles·
1031 3225 1097 3271 esset
1108 3214 1275 3270 ordiendam.
1292 3214 1358 3283 Quae
1369 3217 1450 3272 verba
1466 3217 1576 3289 reliquae
1589 3221 1703 3277 orationi
1719 3237 1773 3278 uon
1787 3238 1834 3281 co·

152 3314 158 3323 ·
183 3292 260 3347 sione
281 3289 418 3346 Gallorum
448 3289 598 3343 constantia
624 3284 808 3342 Orientalibus
830 3269 1013 3341 iotmtaeritC
1031 3287 1151 3352 laureto,
1166 3301 1252 3356 oeque
1269 3286 1415 3341 exstantia
1430 3302 1496 3344 mss.
1510 3289 1601 3358 probor
1614 3289 1832 3351 uotholbcrti-

183 3373 247 3418 ame
259 3359 361 3417 Pascha
375 3358 565 3426 ansssmnc
577 3369 636 3423 cst,
666 3359 739 3426 prius
761 3372 840 3426 otram
864 3356 980 3429 Ancyra)
1031 3356 1400 3424 nisduobtrs,Germ.,Carn.
1418 3358 1831 3423 ilabemartameoinrcterri·

184 3434 359 3491 convenirent
371 3469 379 3498 ,
393 3445 504 3487 necesse
524 3440 566 3485 est
582 3428 692 3485 easdem
719 3428 821 3484 litteras
841 3444 895 3483 ιιοιι
921 3439 981 3496 post
1031 3445 1077 3484 mo
1088 3429 1210 3485 ecclesiae
1221 3427 1558 3498 Vattmnaaodice,c0rb.
1571 3433 1685 3507 aliisque
1698 3436 1831 3507 pluribus.

184 3520 306 3561 mensem
319 3503 441 3558 Martium
464 3517 509 3556 an.
536 3499 591 3557 558
621 3499 721 3556 llilario
747 3500 829 3555 luisse
850 3499 979 3555 redditas.
1031 3499 1099 3569 Quis
1113 3517 1166 3555 aon
1180 3500 1284 3565 rideat,
1301 3514 1333 3555 ex
1349 3503 1420 3558 notis
1433 3502 1623 3574 apologeticis,
1640 3506 1674 3562 de
1694 3508 1791 3578 quibus
1804 3508 1832 3567 in

185 3575 271 3632 Valde
284 3575 357 3632 enim
372 3572 513 3641 probabile
526 3579 585 3636 est,
597 3569 749 3628 Orientales
770 3587 819 3644 por
834 3570 921 3640 ipsunt
934 3586 981 3625 atr·
1032 3571 1190 3644 prolatione
1201 3570 1302 3625 dimam
1317 3581 1375 3637 ost,
1399 3572 1469 3629 itanc
1484 3589 1563 3630 urtam
1577 3590 1655 3643 esse,
1671 3594 1730 3646 ttae
1746 3580 1832 3650 respi-

185 3645 348 3717 diissetprod
365 3646 391 3701 in
406 3645 492 3702 usaria
505 3643 604 3699 iactum
615 3652 666 3698 cst.
683 3644 717 3698 m
727 3653 802 3699 certe
815 3639 982 3697 obiicienti·
1032 3645 1086 3699 ciat
1100 3640 1197 3709 verba,
1213 3641 1247 3697 iit
1261 3642 1381 3697 licetnon
1399 3643 1456 3697 sine
1476 3643 1562 3716 aliquo
1584 3648 1687 3702 uariunt
1699 3649 1833 3719 seatrdolo,

185 3718 257 3775 libus
270 3719 328 3785 ipse
343 3732 395 3773 uon
408 3716 512 3772 audivit
522 3718 641 3784 primus,
655 3713 702 3783 otri
724 3724 788 3770 aitte
808 3712 856 3769 bas
879 3713 982 3769 litteras
1034 3725 1088 3770 etc.
1103 3714 1143 3768 lie
1156 3713 1214 3784 ip'sa
1229 3712 1301 3769 enim
1318 3713 1368 3770 trac
1379 3729 1430 3769 tana
1446 3716 1581 3772 sententia
1598 3716 1682 3786 probe
1696 3733 1729 3774 et
1767 3735 1834 3790 nso,

186 3788 221 3846 de
233 3788 370 3846 Gallorum
383 3787 435 3844 ilde
450 3788 570 3844 incertus
582 3791 640 3841 erat
653 3793 681 3841 et
693 3786 800 3840 antius.
1034 3785 1145 3841 relictus
1160 3799 1212 3839 nort
1229 3792 1287 3839 crat
1302 3784 1376 3841 locus
1390 3787 1556 3855 suspicioni,
1572 3789 1597 3842 in
1613 3803 1693 3859 quarn
1742 3790 1835 3849 ilarius

222 3861 263 3989 sb)
276 3857 433 3916 Constantio
448 3860 524 3925 scii,
539 3857 586 3928 qui
611 3865 666 3910 tum
687 3855 830 3912 blediolaui
856 3855 981 3927 degebat.
1034 3857 1070 3911 ob
1086 3851 1158 3910 hunc
1172 3864 1312 3910 tractatum
1326 3854 1414 3922 vertit,
1429 3858 1505 3924 quasi
1524 3856 1678 3914 Oricntalcs
1692 3861 1835 3919 corbolien

187 3931 220 3989 tt
241 3933 293 3988 esi-t
305 3931 353 3986 lib.
367 3947 385 3986 ιι
399 3931 432 3986 ad
442 3929 582 3986 Constant.
600 3926 663 3982 n.2.
1035 3927 1140 3983 veritati
1156 3941 1204 3996 por
1214 3926 1304 3980 omnia
1314 3935 1495 3998 cottgruentes
1503 3928 1666 3985 existimarit
1679 3948 1685 3986 :
1697 3946 1758 3988 crito
1770 3948 1836 3990 con-

224 4002 261 4075 (a)
273 4001 535 4060 Galloslticlaudare
549 3999 658 4057 videtur
674 3997 808 4065 llilarius,
835 3996 906 4071 qrtod
920 4012 982 4053 con·
1035 3999 1121 4068 ceptis
1131 3997 1221 4053 verbis
1232 4008 1357 4065 moueat,
1371 3995 1494 4069 quadam
1520 3998 1546 4054 in
1570 4002 1698 4072 predicta
1727 4005 1834 4077 synodo

188 4075 254 4133 lessi
265 4076 318 4130 sint
330 4073 415 4129 tilium
428 4072 491 4138 liei,
514 4070 637 4127 alludens
650 4069 774 4126 nituirum
789 4071 822 4125 ad
834 4067 985 4126 consessio-
1035 4069 1143 4125 decreta
1158 4067 1256 4134 luisse,
1268 4082 1328 4138 otim
1343 4070 1400 4139 pias
1414 4083 1494 4126 aures
1516 4071 1696 4130 odettderent.
1711 4074 1763 4133 Ubi
1780 4092 1834 4134 non

189 4162 252 4204 neor
263 4146 351 4212 Petri,
367 4146 401 4201 de
414 4160 465 4214 qua
480 4144 527 4199 lib.
544 4158 562 4197 ιι
576 4143 610 4198 de
625 4140 700 4197 Trio.
717 4158 744 4196 ιι.
757 4140 793 4195 23
811 4159 818 4197 ι
836 4139 921 4197 Uarum
936 4141 987 4211 igi·
1037 4142 1153 4196 obscure
1165 4146 1241 4195 notat
1254 4138 1307 4195 dun
1319 4148 1454 4210 postrema
1465 4139 1590 4210 decreta,
1619 4146 1654 4200 ab
1681 4145 1834 4217 Epiphanio

191 4229 232 4274 iar
245 4217 293 4272 boc
304 4226 341 4272 est
350 4214 479 4272 irttntobile
489 4214 702 4288 frtrtdomeutant,
718 4229 769 4266 aaa
782 4211 838 4267 linc
852 4211 986 4285 feliciter·
1036 4211 1133 4277 relata,
1145 4211 1211 4266 itaer.
1226 4225 1320 4278 ιιιιιι,
1335 4227 1362 4266 o.
1375 4211 1420 4276 ll,
1436 4227 1549 4283 qaortnn
1560 4214 1646 4272 altero
1660 4216 1767 4274 Pauem
1780 4232 1834 4277 non

191 4297 264 4361 petro
274 4287 346 4343 Petri
359 4296 547 4358 orecontesto,
561 4284 600 4340 tn
611 4300 637 4338 es
649 4282 777 4355 plinton·
789 4285 885 4351 oiri,·et
896 4284 943 4338 tib.
958 4299 985 4345 ιι
1037 4281 1188 4338 substantia
1202 4282 1304 4349 solum,
1322 4283 1370 4337 sod
1381 4291 1408 4338 et
1419 4285 1580 4343 auctoritate
1607 4295 1710 4357 patrem
1729 4303 1835 4347 asscre-

191 4377 220 4416 ιι.
231 4361 266 4417 36
283 4377 289 4413 :
304 4359 390 4431 Super
401 4359 467 4413 lant
478 4359 559 4431 initur
572 4355 739 4427 confessionis
750 4364 850 4428 petrum
864 4354 987 4411 Ecclesiae
1038 4354 1118 4421 baot;
1135 4354 1221 4410 altero
1240 4363 1329 4409 autem
1345 4354 1505 4410 horoousioo
1527 4357 1700 4415 damnabant.
1714 4360 1762 4418 illa
1776 4362 1838 4434 qui·

191 4431 328 4501 pappolo
338 4438 385 4485 pn.
1038 4426 1100 4482 dem
1113 4426 1139 4482 iu
1150 4424 1202 4481 boe
1212 4433 1327 4481 tractatu
1343 4425 1461 4493 prudens
1472 4428 1615 4497 supprimit
1625 4429 1742 4488 llilarius
1752 4472 1760 4499 ,
1771 4435 1835 4505 guia

228 4501 268 4576 (tii
282 4502 393 4584 Aliquot
406 4516 472 4558 mss.
491 4498 673 4557 conscientiam
697 4496 808 4563 :male;
831 4496 887 4570 jam
914 4497 986 4553 enirn
1039 4497 1167 4553 nianirom
1181 4494 1333 4553 orientales
1347 4496 1397 4567 ipsi
1422 4495 1550 4554 Sirmium
1565 4500 1726 4559 accedentes
1736 4519 1768 4558 ea
1780 4505 1836 4574 pri·

193 4575 368 4630 oonscienuae
380 4574 511 4630 stabilitas
522 4572 638 4628 laudata.
651 4568 737 4626 Minus
763 4569 834 4626 nrale
854 4571 881 4625 in
903 4566 985 4625 Caro.
1039 4568 1077 4625 mi
1089 4568 1270 4625 reticuerant:
1285 4568 1435 4625 acdeorum
1452 4575 1539 4625 tamea
1566 4586 1595 4627 se
1617 4573 1756 4628 conscium
1773 4576 1838 4631 iuis·

191 4646 351 4702 „pontiam
1000 4654 1088 4723 Dte,
1103 4649 1159 4696 tum
1175 4639 1236 4704 bic,
1252 4648 1307 4696 tam
1320 4637 1504 4696 alibiindicat.
1514 4640 1645 4710 Quocirca
1667 4644 1693 4698 in
1713 4644 1838 4717 apologe-

230 4715 265 4791 (ι)
280 4716 308 4772 ln
320 4731 367 4773 sex
381 4729 446 4771 mss.
463 4723 613 4783 petronam,
629 4728 709 4786 quem
731 4711 874 4769 commode
886 4710 985 4768 intelli·
1040 4711 1092 4768 tica
1102 4719 1177 4779 nota,
1185 4710 1574 4782 pronontnimtoruirsemittie,
1583 4712 1741 4771 hauddubie
1748 4715 1840 4787 legen·

194 4802 258 4859 gere
272 4785 530 4845 essetSaturninum
543 4785 644 4842 laetat.
667 4785 826 4841 briaitarum
853 4783 985 4855 partium,
1039 4783 1247 4850 damnantium
1256 4783 1385 4839 toenietse
1394 4782 1459 4837 illic.
1469 4782 1567 4840 ltemin
1577 4785 1671 4856 primis
1683 4785 1773 4843 verbis
1780 4785 1840 4843 Etsi

196 4859 233 4916 uti
246 4874 308 4916 eam
324 4869 401 4914 sucat
416 4857 549 4928 Sulpicius
561 4872 588 4928 p.
604 4856 673 4919 265,
685 4856 792 4912 ducem.
808 4854 862 4912 Sed
885 4869 945 4911 curn
959 4857 986 4910 in
1040 4854 1189 4926 diligenter,
1198 4868 1396 4927 supervacanea
1409 4862 1451 4911 est
1458 4856 1629 4926 particulaet,
1646 4872 1734 4931 neque
1752 4867 1840 4917 exstat

196 4930 387 4989 retasuoribns
401 4929 425 4985 le
444 4944 522 4985 amus
536 4937 675 4995 patronam
688 4944 740 4984 una
755 4943 818 4984 carm
842 4926 988 4984 Saturnino
1040 4927 1068 4981 in
1080 4940 1147 4983 mss.
1771 4934 1784 4943 ’

196 5000 328 5075 designati
342 5002 386 5057 ltic
396 4944 658 5057 niffentnrtlrsaons
668 5010 695 5056 et
707 5000 821 5067 Valens,
833 5013 946 5070 quorum
960 4997 987 5052 in
1075 4997 1107 5071 (i)
1118 4997 1145 5053 tn
1160 5007 1277 5068 antiquis
1289 4996 1364 5053 ltbrrs
1389 4996 1446 5053 titii
1472 5013 1571 5056 nomen
1601 5015 1661 5057 cum
1686 5000 1787 5072 duplici
1800 5018 1837 5060 ts.

196 5073 311 5130 concilio
325 5072 468 5130 blediolan.
485 5087 530 5127 ao.
544 5070 837 5141 sceptrigerorum
864 5066 988 5125 ltaeresim
1042 5076 1200 5125 constanter
1213 5069 1341 5140 pingitur,
1358 5077 1439 5139 pau,
1465 5068 1546 5126 Ossii.
1568 5069 1636 5127 Tum
1664 5072 1692 5128 in
1707 5071 1838 5144 vulgatis,

197 5154 309 5202 conatus
335 5155 362 5200 et
388 5153 460 5200 artes
472 5150 564 5200 narrat
583 5142 653 5198 idem
678 5142 813 5213 Sulpicius
834 5155 896 5213 pag.
922 5139 987 5194 tlt.
1042 5141 1079 5195 ito
1092 5140 1178 5212 aripti
1189 5140 1383 5196 eonsentientes.
1400 5137 1442 5195 lis
1458 5140 1609 5212 potioribus
1633 5157 1698 5200 mss.
1721 5141 1840 5201 restitui·

198 5217 301 5286 Quibus
312 5217 382 5272 iavet
395 5215 467 5286 quod
478 5215 515 5269 ait
524 5213 640 5270 llitarias
653 5214 679 5268 in
689 5213 831 5279 Constant,
846 5229 872 5266 n.
898 5211 934 5274 2,
959 5225 989 5267 se
1043 5210 1305 5281 mositottiptt,ax
1320 5209 1446 5266 omnibus
1471 5224 1562 5268 autem
1585 5215 1733 5271 sentientes.
1760 5216 1839 5283 Quod

198 5303 260 5344 eum
285 5287 431 5345 Gallicanis
452 5285 587 5356 episeopis
609 5284 731 5358 proxime
760 5291 821 5353 post
844 5281 987 5338 Mediolon.
1043 5283 1088 5338 iric
1097 5281 1200 5337 delibat
1214 5280 1350 5347 Hilarius,
1367 5281 1472 5351 plenius
1486 5286 1657 5356 prosequitur
1669 5300 1746 5342 num.
1762 5287 1797 5344 78
1811 5293 1840 5343 et

198 5358 348 5417 Concilium
360 5357 518 5415 ttSotttmini
529 5365 552 5411 et
564 5354 665 5412 Ursooii
673 5366 697 5411 et
712 5353 823 5410 Voboiir
834 5355 991 5409 communio·
1043 5353 1090 5420 to,
1105 5351 1152 5409 ubi
1163 5352 1282 5408 declarat
1290 5353 1421 5422 quosdam
1432 5363 1520 5408 contio
1542 5355 1696 5427 ignorantie
1708 5373 1763 5412 sue
1782 5374 1841 5430 pro·

198 5447 232 5488 ne
240 5430 414 5498 discessisse,
431 5428 532 5484 indulta
545 5428 644 5483 troierit
669 5442 757 5483 eorttnt
767 5425 991 5481 coomrtibmrrri·
1042 5426 1153 5497 sessione
1164 5432 1191 5480 et
1205 5438 1272 5479 nova
1287 5422 1495 5495 subscriptione,
1505 5427 1628 5496 otranrtis
1640 5427 1691 5483 sibi
1702 5438 1838 5500 suspecta,

199 5503 314 5575 piscandi
328 5502 461 5586 [unstrote.
1042 5495 1186 5552 damnasse
1200 5492 1484 5566 quodleccrattt31um
1503 5512 1565 5553 tero
1579 5496 1721 5556 llrsaciam
1746 5507 1775 5556 et
1786 5501 1841 5557 lla·

237 5572 271 5697 50
286 5572 356 5629 Edrti
371 5582 485 5644 excepto
499 5569 859 5643 Rad.,inoiolotoqaereiipio
887 5584 898 5625 .·
919 5569 991 5642 quod
1042 5568 1142 5624 lentem
1155 5565 1311 5649 nominatim
1324 5567 1458 5649 exagitat,
1481 5577 1509 5622 ut
1536 5568 1634 5639 ouibus
1659 5571 1840 5642 ignorantiam

199 5652 227 5701 et
247 5645 338 5701 tabem
351 5644 404 5699 duo
416 5659 482 5700 mss.
496 5644 555 5699 siae
570 5642 700 5713 particula
711 5658 770 5713 pue.
784 5638 881 5698 Gaetcri
901 5649 991 5699 autem
1043 5637 1191 5696 obtendere
1201 5637 1312 5697 minime
1326 5637 1442 5693 tacuerit.
1454 5638 1524 5706 Quin
1539 5640 1598 5697 bne
1610 5641 1718 5698 illorum
1744 5651 1838 5701 coacta

198 5730 260 5772 cum
276 5715 352 5781 bod,
365 5715 498 5780 inuiolata,
510 5713 631 5786 religiosa
646 5714 777 5785 mappic,
802 5716 954 5770 consolantia.
1043 5708 1208 5782 subscriptio
1220 5710 1341 5781 proxime
1354 5717 1415 5777 post
1427 5711 1598 5782 ancyranam
1625 5713 1758 5786 synodum
1773 5729 1840 5771 con-

235 5785 328 5866 (pilia
341 5788 469 5861 precipui
484 5802 549 5845 stass
565 5785 729 5858 atetcosi,
747 5786 917 5843 concientiae.
1045 5781 1150 5854 tigerit,
1176 5780 1285 5857 quando
1308 5778 1368 5842 scil.
1396 5779 1630 5860 Bmiliusaliiqae
1652 5786 1734 5861 legati
1758 5785 1839 5865 buius
