4209 6250
254 252 306 309 sar
855 234 978 294 suaert
997 232 1127 291 uteunn
1147 227 1302 289 muscum
1689 192 1714 196 ”
1851 216 1906 276 sas

256 374 284 422 ct
301 363 420 437 quinque
440 359 560 433 episcopi
575 353 764 442 homoeusion,
780 351 807 408 id
827 359 885 419 cst,
899 348 995 405 similis
1008 363 1053 405 es·
1068 351 1093 413 A
1106 348 1129 405 0
1143 348 1256 405 miseras
1270 358 1349 400 aures
1360 356 1447 411 meas,
1457 356 1517 413 que
1528 348 1582 396 tam
1594 337 1707 396 itrttestae
1719 335 1795 392 rucis
1808 346 1904 391 sanum

256 458 352 514 sentiae
364 454 553 528 predicarent,
564 460 593 508 et
602 451 696 506 decem
709 456 737 504 et
747 460 844 502 norem
856 444 1055 509 anomoeusion,
1109 441 1260 507 audierunt,
1276 437 1336 494 baec
1351 436 1384 493 de
1397 436 1451 491 beo
1464 434 1499 489 ab
1512 431 1622 488 homine
1637 429 1701 495 diei,
1714 428 1785 485 etde
1797 426 1907 483 Christo

255 547 284 604 id
311 557 354 605 est
378 544 517 601 dissituilis
544 542 690 607 essentiae,
722 536 921 609 profiterentur,
949 545 978 592 et
1004 534 1056 589 soli
1109 533 1135 589 ia
1149 532 1264 590 ecclesia
1279 527 1420 603 praeutean
1434 528 1441 582 !
1457 524 1521 581 Post
1536 523 1636 579 multas
1649 529 1739 577 autent
1754 518 1907 576 istinsmudi

256 638 375 712 AEpyptii
389 633 710 708 praeterhletartdrinum
724 629 880 687 haereticum
893 626 1057 699 (Goarpiatn)
1108 626 1272 697 impietates,
1284 638 1346 679 cum
1360 621 1468 676 Patrem
1487 616 1626 675 etlilium
1640 630 1673 671 ex
1688 613 1843 669 nominibus
1858 628 1907 684 po·

256 727 418 786 homousion
431 723 649 782 constmtissime
664 721 828 778 obtinerent.
843 719 924 791 573
937 716 1058 788 cogente
1109 716 1162 773 tius
1183 731 1263 787 quatu
1278 728 1312 771 ert
1334 722 1430 769 natura
1444 718 1644 781 comparasset,
1663 708 1722 762 ait:
1742 726 1752 760 ι
1769 704 1908 776 Quantum

257 820 377 896 (Caecilii
398 818 427 875 5⁰
448 819 502 890 die)
535 817 625 888 itaque
648 815 738 871 Leana
770 811 892 879 contu,
923 811 950 866 in
974 825 1057 866 urrant
1109 806 1324 866 enituFilittsse
1349 802 1473 860 extendit
1486 815 1652 873 cognoscere
1668 799 1787 867 Patrem,
1804 807 1908 853 tantum

256 928 352 971 omnes
365 910 404 984 (a)
417 913 574 984 cougregati
593 917 666 966 sunt.
682 909 722 966 Er
743 908 800 976 his,
820 906 867 977 qui
886 903 1058 961 homoeusion
1109 902 1190 958 Pater
1211 895 1415 970 superextendit
1439 910 1469 951 se
1482 893 1519 968 (f)
1546 910 1581 951 ne
1605 892 1730 965 cognitus
1751 890 1821 947 liiiio
1833 890 1908 947 sit.»

257 1007 452 1081 predicabant,
465 1007 547 1078 aliqui
558 1006 687 1063 nonnulla
700 1005 744 1077 pie
753 1003 845 1061 serbis
857 1002 1056 1074 preferebant:
1108 996 1211 1065 Quibus
1225 993 1356 1061 recitatis,
1371 992 1503 1048 tumuitus
1517 999 1631 1047 exortus
1642 995 1695 1046 est.

254 1101 328 1175 quad
341 1110 369 1158 et
380 1116 415 1158 ex
430 1101 485 1157 heo
497 1108 580 1167 esset,
596 1099 687 1165 idest,
699 1098 734 1154 de
748 1098 901 1154 substantia
914 1094 962 1152 bei
974 1094 1057 1161 trtius,
1145 1086 1227 1161 57&
1238 1087 1284 1143 ld.
1299 1084 1541 1140 dissimilitudinem
1561 1097 1612 1155 pua
1629 1096 1707 1137 censat
1723 1081 1845 1135 damnent
1864 1095 1910 1135 rte·

253 1205 283 1251 et
296 1209 404 1265 seraper
424 1192 530 1249 luisset.
550 1190 601 1262 Qui
615 1205 681 1247 tera
698 1190 736 1261 (b)
754 1187 943 1245 anomoeusion
962 1185 1058 1242 delen·
1075 1175 1197 1253 Opautea
1208 1177 1416 1235 similitudinem.
1431 1205 1467 1216 -
1486 1173 1555 1231 Cum
1569 1185 1658 1230 autem
1675 1171 1871 1229 intellexissent
1883 1179 1911 1228 et

253 1288 366 1356 debant,
382 1286 449 1342 nihil
463 1286 515 1342 nisi
529 1283 748 1357 profanissimum
759 1282 920 1340 asserebant
934 1297 942 1335 ι
957 1294 1060 1351 trogan-
1109 1275 1154 1340 hi,
1180 1272 1226 1346 qui
1251 1271 1408 1329 dissimilem
1434 1272 1520 1328 heum
1545 1268 1656 1336 dieunt,
1669 1261 1812 1324 'humanas
1831 1280 1911 1324 aures

255 1391 297 1438 tes
311 1381 456 1454 quidquam
475 1379 636 1435 substantie
651 1377 697 1434 het
712 1377 803 1434 simile
816 1391 877 1433 esse
897 1388 993 1446 posse,
1008 1388 1058 1429 ns·
1109 1373 1191 1421 ¹¹⁰¹ae
1207 1362 1354 1435 i¹1¹l¹¹¹¹¹¹¹¹⁸
1363 1362 1446 1420 '⁰¹¹¹
1458 1376 1513 1417 ¹¹⁰¹
1526 1367 1699 1431 ⁸¹¹⁸oel¹¹¹¹¹¹⁸
1710 1372 1787 1424 0⁸⁸¹:
1803 1372 1911 1415 turtum

255 1490 309 1545 que
323 1472 358 1529 de
379 1474 436 1530 heo
457 1486 538 1544 posse
551 1472 685 1529 exsistere
695 1469 910 1542 generationem,
926 1466 975 1525 sed
997 1481 1060 1525 esse
1109 1458 1137 1516 bi
1150 1458 1216 1530 ipsi,
1233 1455 1272 1531 (p)
1288 1456 1399 1513 fallaces
1414 1455 1504 1528 potius
1519 1470 1600 1527 quam
1621 1452 1751 1510 Ecclesie
1769 1451 1911 1523 episcopi,

254 1564 393 1622 Christum
414 1573 583 1630 creatttram;
599 1562 637 1635 (c)
653 1563 691 1618 ita
701 1562 773 1634 quod
788 1571 895 1618 creatus
910 1568 968 1628 est,
992 1557 1059 1615 idei
1111 1551 1191 1609 lltlem
1204 1550 1336 1617 scribunt,
1351 1547 1562 1622 (ltlhumousian
1572 1557 1601 1604 et
1612 1547 1784 1605 homaeusion
1794 1556 1821 1603 et
1831 1545 1912 1603 dissi·

254 1658 382 1714 nativitas
395 1657 592 1729 deputaretur:
607 1672 641 1712 ex
661 1655 747 1711 nihilo
764 1665 854 1710 autem
870 1668 948 1719 esse;
968 1664 995 1709 et
1014 1650 1058 1708 id·
1110 1643 1291 1702 militudinem
1302 1643 1443 1698 damnant.
1455 1639 1532 1709 Quod
1544 1655 1607 1698 curn
1620 1639 1786 1695 corrtrarittnt
1800 1637 1831 1710 (ι’)
1846 1637 1911 1708 ipsis

253 1753 327 1809 circo
341 1767 393 1808 nan
406 1765 468 1807 esso
479 1751 575 1816 lilium,
590 1764 642 1805 nec
654 1750 711 1805 Deo
721 1747 849 1805 similem.
1072 1742 1191 1805 Bsensu
1210 1736 1377 1793 audientium
1390 1742 1464 1791 esset
1480 1751 1488 1790 ε
1502 1734 1561 1804 ipse
1573 1745 1624 1804 ego
1637 1729 1780 1803 quemdam
1794 1743 1906 1794 eorum,

291 1845 336 1900 ¹5.
350 1842 524 1915 Biurpiteatiae
544 1840 645 1914 publice
665 1843 831 1897 recitatoe.-
843 1839 953 1912 Loquar
965 1848 1055 1895 autem
1110 1830 1155 1904 φή
1170 1830 1241 1886 forie
1250 1827 1285 1884 ¹¹¹¹
1297 1843 1340 1884 ¹⁰¹²
1352 1826 1558 1898 9¹¹¹⁰¹¹¹¹¹¹¹¹¹¹¹¹¹¹
1568 1829 1732 1889 memma
1743 1819 1821 1892 ¹l¹¹²Si
1834 1819 1911 1891 ¹8¹⁰·

255 1937 344 2005 tabis,
358 1935 430 2008 quod
443 1950 493 2007 ega
504 1937 563 2007 ipse
573 1935 682 1991 recitari
696 1935 723 1989 iu
736 1943 872 1990 consentu
888 1933 996 2003 publice
1009 1947 1057 1987 au·
1110 1937 1173 1980 rans
1191 1935 1282 1978 rerum
1304 1929 1443 1991 gestarum
1472 1922 1647 1989 perconettus
1671 1929 1750 1981 suut,
1774 1910 1839 1982 auid
1858 1910 1912 1968 sibi

253 2027 320 2093 diri,
336 2029 378 2100 (ct)
393 2027 465 2098 quod
475 2026 639 2098 praedicante
651 2030 781 2096 episcopo
792 2026 940 2081 Antiochiae
957 2039 1058 2094 excep·
1110 2012 1293 2078 velletisne,
1309 2012 1394 2083 utqui
1409 2025 1490 2067 unam
1503 2007 1682 2066 substantiam
1698 2005 1760 2062 Filii
1774 2019 1836 2061 esse
1848 2018 1910 2060 cttm

256 2128 313 2176 tum
326 2117 485 2175 habebatur.
501 2118 565 2174 llaec
576 2131 640 2188 erga
655 2116 692 2171 ian
714 2115 786 2172 dicta
804 2132 866 2173 esen
880 2118 915 2173 nl,
934 2131 967 2173 ρο
982 2130 1059 2173 cnm.
1111 2108 1192 2165 Patre
1206 2106 1396 2172 damnassent,
1413 2104 1456 2160 rel
1471 2117 1531 2159 esse
1542 2101 1640 2157 similis
1653 2101 1814 2156 substantie
1827 2098 1911 2157 dene·

253 2209 495 2268 memorabantur:
514 2227 523 2260 t
544 2208 608 2264 lirat
622 2209 704 2275 licus,
730 2208 802 2279 quad
824 2216 876 2265 est.
900 2207 983 2264 Pater
1001 2222 1056 2264 non
1111 2208 1232 2274 possent,
1243 2195 1494 2255 dissimilitudinem
1505 2195 1675 2252 damnarent.
1687 2192 1764 2250 ’lune
1776 2192 1840 2247 mihi
1852 2190 1910 2246 sit:

244 2310 326 2370 erat,
341 2302 404 2375 quia
419 2301 643 2372 nequeciFilius
657 2301 777 2356 :namsi
792 2301 873 2365 itlius,
888 2314 1002 2357 necesse
1015 2308 1059 2356 est
1114 2313 1125 2349 t
1142 2294 1278 2352 Christum
1292 2293 1349 2347 lieo
1359 2290 1475 2346 similem
1490 2304 1543 2345 uon
1558 2303 1630 2351 csse,
1645 2285 1692 2343 sed
1707 2284 1824 2342 similem
1839 2282 1911 2339 Patri

253 2405 284 2453 ut
296 2406 325 2453 et
352 2395 453 2452 lemine
468 2395 513 2461 sit,
524 2404 553 2451 et
566 2393 745 2467 colloquium,
762 2393 798 2468 (e)
813 2392 1055 2462 etsertnocinatio,
1111 2403 1182 2445 esse.
1200 2405 1210 2440 ι
1228 2386 1332 2443 liursus
1343 2384 1395 2440 bue
1414 2382 1557 2441 obscurius
1571 2380 1638 2437 mihi
1651 2378 1739 2436 adbuc
1756 2376 1909 2434 ridebatur.

251 2497 280 2546 et
293 2487 451 2559 conjunctio
464 2485 614 2558 coniugalis
627 2485 719 2553 serbi,
735 2495 763 2543 et
778 2484 1012 2553 blandimentum,
1027 2492 1057 2540 et
1112 2480 1151 2538 lie
1164 2495 1217 2551 tpua
1229 2494 1293 2536 cum
1308 2479 1407 2535 iterum
1427 2476 1643 2548 interrogarem,
1658 2483 1723 2529 tunc
1741 2470 1799 2528 lttec
1819 2469 1857 2526 ita
1870 2469 1913 2527 la·

252 2591 422 2654 postremum
443 2578 478 2636 ad
499 2577 685 2652 generandum
708 2578 840 2635 naturalis
859 2577 1023 2635 machinula.
1043 2596 1055 2630 ι
1112 2584 1191 2632 cutus
1204 2582 1265 2631 est:
1283 2591 1294 2627 t
1313 2573 1450 2630 bicocum
1465 2569 1625 2626 dissimilem
1639 2567 1696 2625 heo
1707 2580 1780 2633 esse,
1793 2564 1910 2622 similem

289 2746 329 2820 (ui
342 2744 371 2801 ln
384 2742 510 2815 vulgetis,
524 2742 672 2813 conpreputi
681 2750 741 2797 sunt
756 2757 787 2796 aa
801 2741 842 2795 itis
853 2740 897 2806 ptri
912 2738 1061 2815 ipatadcran
1113 2734 1280 2805 liepunimus
1294 2732 1449 2804 collapsione
1462 2741 1486 2786 ct
1500 2729 1681 2787 semaciautia
1697 2743 1730 2785 en
1751 2743 1817 2785 mss.
1832 2728 1909 2786 Calb.

253 2815 439 2888 predicabant.
465 2814 552 2883 iltioni
574 2829 663 2868 earnnt
682 2826 691 2867 .·
716 2813 814 2868 uitiosa
838 2811 1060 2880 interpunctione
1111 2818 1139 2863 et
1154 2806 1261 2871 Martia,
1277 2819 1309 2861 ae
1322 2804 1421 2861 deinde
1433 2812 1456 2857 et
1470 2803 1618 2877 conjunctio
1629 2815 1663 2857 ex
1676 2798 1790 2856 Carnut.

251 2889 336 2943 talsus
350 2885 468 2941 eidcitur
482 2897 596 2945 sensus.
612 2883 689 2953 quasi
705 2882 756 2939 soli
772 2884 818 2937 iia
836 2883 927 2938 Louna
942 2896 1061 2952 congre·
1147 2879 1183 2950 (t)
1196 2877 1265 2933 Tres
1279 2889 1357 2942 mss,
1372 2891 1404 2930 ne
1424 2873 1540 2944 capaitus
1563 2871 1651 2927 Fititts
1664 2872 1719 2927 sit:
1739 2886 1832 2938 prave.
1847 2872 1911 2928 Stu-

251 2959 308 3028 gati
321 2958 387 3020 sint,
400 2957 445 3026 qui
460 2954 631 3010 homoeusion
646 2952 840 3023 praedicabant.
855 2951 980 3007 Abundat
993 2964 1061 3022 qua·
1111 2952 1198 3020 penda
1214 2947 1327 3002 liudoxii
1342 2944 1521 3015 impudentia,
1535 2945 1579 3016 qui
1594 2959 1654 3000 cunt
1670 2943 1728 2999 hacc
1741 2943 1775 2998 de
1791 2942 1838 2998 liei
1853 2942 1909 2999 lilia

252 3043 308 3099 quc
323 3034 459 3097 postrema
472 3040 526 3080 rex
538 3039 639 3089 corant,
652 3039 713 3094 qnae
723 3023 887 3079 auctoritate
900 3037 966 3077 mss.
979 3019 1057 3077 cota.
1111 3020 1322 3090 blasphemaret,
1346 3016 1417 3073 lletii
1432 3024 1461 3070 et
1475 3015 1599 3071 Eutromii
1625 3014 1802 3083 patrecinium
1822 3014 1910 3069 susci·

252 3108 281 3156 et
294 3097 402 3154 blartht.
420 3102 587 3153 removetur.
1112 3092 1221 3159 piehat:
1238 3103 1351 3159 auorum
1377 3088 1420 3144 hic
1435 3084 1606 3144 Theodoreto
1620 3094 1701 3153 teste,
1721 3085 1739 3140 l.
1757 3100 1783 3140 tr
1807 3084 1906 3141 lieret.

292 3168 330 3243 (b)
346 3167 437 3232 Editi,
457 3167 501 3234 pai
514 3180 572 3220 aera
600 3165 746 3239 ipatadctot
759 3164 930 3237 defendebant
941 3180 951 3220 .·
964 3148 1094 3221 emen-C
1111 3163 1177 3219 Fab.
1198 3178 1222 3219 c.
1234 3163 1263 3227 5,
1279 3160 1455 3230 gloriabatur.
1473 3175 1501 3214 *θ
1515 3159 1580 3214 aldid
1594 3162 1626 3212 ὅθ
1639 3157 1714 3213 reiut
1729 3156 1822 3212 dividit
1836 3157 1912 3229 ipna·

253 3240 353 3297 dautur
367 3254 400 3295 ex
418 3238 568 3308 potioribus
583 3252 649 3293 mss.
1110 3250 1179 3299 rare,
1203 3237 1247 3290 ted
1269 3233 1352 3301 ipsunt
1365 3232 1444 3285 etiam
1457 3226 1508 3284 Dei
1519 3229 1655 3286 camariana
1676 3238 1765 3284 exacte
1779 3244 1806 3282 se
1820 3243 1910 3305 ttatse,

290 3311 326 3381 (a)
343 3308 408 3364 Post
422 3311 460 3363 ita
473 3324 506 3365 su
526 3308 682 3377 mendant,
698 3306 802 3379 integra
816 3306 869 3364 erit
881 3307 962 3364 lectio
974 3322 1057 3378 quam
1110 3305 1275 3375 tantidemque
1296 3301 1328 3355 cic
1342 3300 1396 3357 lica
1415 3301 1534 3356 notitiam
1545 3300 1655 3367 habere,
1670 3316 1747 3370 paam
1767 3297 1840 3354 Deus
1852 3314 1909 3366 tprc

252 3381 413 3439 exhibemus
429 3396 462 3437 ert
483 3325 535 3435 ttd'e
548 3394 614 3434 mss.
636 3392 699 3434 cum
715 3379 789 3440 prius
803 3378 951 3449 legeretur,
967 3377 1008 3433 lta
1028 3395 1061 3432 ue
1112 3377 1187 3432 laudet
1211 3376 1243 3430 de
1264 3374 1378 3441 seipso·
1401 3372 1446 3427 ille
1468 3387 1532 3428 uera
1546 3372 1616 3441 apud
1635 3370 1826 3441 Epiphaniam,
1842 3369 1907 3425 ber.

252 3451 322 3522 pacti
335 3460 437 3506 erectus
451 3458 526 3505 estet.
542 3449 610 3505 Tum
623 3464 688 3505 mss.
704 3448 784 3504 Colla.
797 3459 825 3505 et
838 3449 959 3517 hiantia„
972 3452 999 3505 in
1010 3395 1060 3505 {tet
1111 3464 1204 3510 exsut,
1216 3463 1244 3501 tr.
1258 3444 1286 3507 l,
1296 3443 1540 3500 aususestdieere:
1551 3440 1818 3506 sathanacenses
1828 3441 1912 3509 ipsunt

253 3523 396 3579 rusticitate.
421 3521 570 3577 haereticos
591 3517 713 3576 dieettles
732 3519 835 3575 :Pater
859 3519 941 3588 beas,
961 3537 1061 3590 semper
1111 3520 1180 3583 aori,
1197 3528 1223 3571 ut
1237 3514 1382 3584 aepttideat
1397 3531 1435 3569 ntc
1448 3515 1532 3584 mapis
1546 3526 1660 3581 uastata,
1674 3529 1752 3580 prtum
1766 3510 1859 3567 licum⁴
1876 3514 1909 3567 tlt

254 3595 332 3649 etiant
345 3591 432 3648 Fiiitts
447 3602 563 3655 creatus:
587 3591 655 3645 itient
675 3591 743 3644 eninr
763 3600 800 3646 est
815 3592 843 3645 t‘rt
861 3589 917 3647 Dte
931 3608 1018 3647 creare
1035 3601 1061 3646 et
1109 3590 1164 3661 lunt
1188 3585 1343 3645 trltseranrit
1356 3584 1528 3652 Athanasius,
1554 3584 1602 3642 lib.
1624 3584 1659 3641 de
1674 3583 1777 3656 synod.
1799 3598 1829 3654 p·
1847 3582 1911 3648 stt,

254 3665 376 3737 piparas,
398 3662 433 3719 ab
453 3662 634 3718 Antiochenis
655 3659 845 3731 Ptatttprianas
866 3670 978 3718 vocatas
998 3677 1061 3719 esse
1111 3659 1227 3716 brionas
1241 3655 1395 3714 haminibus
1410 3652 1528 3714 tribuere
1546 3671 1599 3712 nan
1614 3655 1761 3724 dubitasse,
1780 3668 1842 3725 quat
1855 3652 1911 3710 tilia

257 3734 341 3792 tradit
352 3732 551 3799 Tlteadaretus‚
569 3733 616 3787 lib.
630 3748 656 3788 rr
672 3731 771 3788 liceret.
789 3731 854 3786 unu.
869 3747 893 3788 c.
910 3734 938 3789 i.
1113 3732 1162 3788 Dei
1181 3739 1320 3795 necarent.

308 3805 337 3875 tii
354 3805 429 3860 lianc
443 3805 574 3875 optimam
598 3803 742 3859 lectionem
765 3818 838 3875 saepe
861 3802 977 3860 laudatis
991 3818 1058 3859 mss.
1148 3803 1187 3875 (p)
1211 3800 1282 3857 Editi
1296 3814 1358 3856 cum
1378 3812 1444 3854 mss.
1463 3797 1523 3854 Vnt.
1548 3797 1620 3861 bas..
1643 3797 1749 3869 putatio.
1772 3796 1826 3855 Set
1843 3811 1910 3853 mss.

258 3878 297 3934 Co
311 3878 337 3931 b.
353 3885 380 3932 et
394 3876 471 3930 ilart.
481 3873 622 3930 debemus.
638 3874 766 3929 Eatndetu
781 3873 915 3945 expressit
929 3875 1061 3931 baronius
1113 3874 1205 3945 palatii
1217 3888 1226 3927 .·
1237 3871 1308 3943 quud
1321 3870 1463 3940 legendum
1473 3870 1636 3940 eartjeetattit
1646 3868 1778 3937 Latinius,
1792 3878 1820 3924 et
1831 3867 1915 3923 Raro-

256 3948 291 4004 ad
307 3962 351 4002 aa.
366 3948 432 4011 359,
448 3962 476 3999 n.
494 3947 538 4001 ut.
554 3944 584 4001 ln
597 3945 656 4001 aliis
671 3956 761 3999 nutem
777 3945 864 4011 libris,
878 3947 947 4017 quad
967 3947 1062 4015 predi·
1113 3946 1175 4000 nius
1189 3944 1224 4000 ad
1238 3960 1283 3999 att.
1298 3941 1362 4008 559,
1379 3958 1406 3997 ιι.
1422 3940 1467 4007 68,
1484 3941 1609 4011 praetulit.
1631 3939 1728 3997 Verius
1743 3949 1832 3996 tamen
1851 3938 1914 3995 librl

256 4028 342 4073 estuat
358 4015 502 4071 Antiochiae
516 4024 649 4084 exceptant
664 4014 839 4071 ludebatur...
855 4017 887 4070 ab
901 4033 931 4072 ea
947 4033 1061 4072 camme·
1113 4013 1190 4072 cah.
1204 4023 1232 4072 et
1246 4013 1353 4070 Martia·
1369 4013 1486 4083 fallaces,
1500 4026 1572 4082 quas
1580 4012 1705 4066 nimirum
1721 4010 1838 4066 llilarlus
1849 4025 1912 4080 per·

258 4095 394 4144 morantur
407 4103 416 4142 .·
431 4087 519 4157 ptimo
539 4085 618 4142 deest
630 4101 748 4151 nomen,
774 4086 808 4141 ad
831 4087 904 4156 quod
928 4087 1063 4144 celeratur
1112 4085 1248 4142 cautando
1261 4092 1389 4155 expertus
1410 4093 1453 4140 est
1473 4082 1546 4139 aliud
1570 4081 1820 4154 proferrenonne,
1840 4081 1913 4137 aliud

257 4157 325 4215 illud
349 4158 380 4212 oi
402 4172 452 4225 ea,·
466 4157 565 4213 deinde
579 4158 644 4211 latet
664 4159 726 4228 quis
748 4156 795 4211 ilic
814 4157 850 4212 sit
865 4156 961 4225 bomo,
983 4157 1062 4228 cujas
1113 4159 1203 4213 aninto
1217 4157 1318 4212 sentire
1335 4154 1480 4222 :adeoque
1504 4169 1557 4209 nan
1581 4170 1643 4211 esse
1664 4152 1820 4223 episcopos,
1844 4167 1914 4222 auos

259 4229 454 4297 impudentiam
479 4227 547 4283 intra
571 4236 663 4296 stupet
686 4228 820 4292 llilarius;
847 4241 984 4298 postrema
1005 4245 1061 4283 nott
1115 4243 1189 4283 nuru.
1201 4227 1229 4294 6,
1242 4227 1373 4281 ministras
1385 4226 1510 4291 ueritatis,
1522 4237 1549 4280 et
1559 4240 1634 4281 num.
1648 4225 1693 4290 ln,
1708 4225 1821 4280 amittatis
1833 4224 1914 4278 dho-

261 4300 378 4357 hebetur
390 4300 418 4353 in
432 4314 514 4370 quem
528 4298 626 4354 cadant
640 4297 723 4354 cerba
740 4299 819 4368 paulo
834 4309 891 4369 pust
907 4300 1060 4370 sequentia,
1113 4300 1188 4372 putat
1200 4313 1271 4355 esse.
1283 4312 1333 4353 sua
1348 4298 1459 4353 nornine
1474 4296 1633 4353 declararit.

258 4387 315 4425 eant
364 4378 442 4432 asset,
456 4371 503 4424 cit.
518 4368 654 4425 lamtera
666 4377 694 4425 et
707 4368 809 4440 integra
824 4373 975 4434 estoratio.
992 4379 1020 4427 et
1033 4371 1060 4425 iu
1150 4369 1189 4496 (Ὗ
1206 4368 1398 4426 italiad.cum
1410 4364 1914 4441 mss.Vat.bas.,llieb.etSylt.ttisi

259 4441 301 4497 Eu
322 4440 413 4496 attium
427 4438 623 4497 attamoearnn
638 4439 735 4495 ducem
750 4440 1060 4511 apprinteeonteniens.
1114 4456 1167 4512 quo
1200 4446 1310 4497 careant
1327 4438 1822 4510 particulsrtantedissimilitudinum.
1839 4438 1915 4494 ttsnc

257 4511 314 4568 Nec
326 4518 458 4582 repugnat
473 4511 545 4583 quad
555 4511 754 4575 'l'lteathtretus‚
772 4511 819 4568 lib.
839 4527 866 4566 rt
880 4514 979 4569 steret.
993 4513 1060 4567 l'ab.
1115 4527 1274 4568 revocamus
1288 4526 1320 4567 ex
1333 4526 1398 4566 mss.
1415 4510 1492 4567 Coib.
1503 4511 1650 4566 etblartin.
1667 4511 1692 4564 in
1708 4510 1808 4581 quibus
1823 4518 1914 4566 tameo

257 4600 283 4639 c.
310 4583 339 4650 ii,
362 4582 467 4643 scribit.
490 4582 566 4638 illum
590 4581 623 4637 ad
644 4580 846 4639 Seleuciensem
867 4585 1000 4655 synodum
1016 4583 1058 4639 ire
1114 4592 1203 4639 exstat
1225 4583 1404 4638 laucaiterum
1418 4582 1572 4647 mendum,
1593 4581 1665 4652 ptrod
1680 4592 1728 4652 pra
1743 4582 1912 4649 itanmtdan,

257 4653 373 4725 jussum,
384 4653 531 4709 accessisse
544 4653 665 4723 qttidem,
681 4653 728 4708 sed
744 4668 797 4709 rton
809 4668 903 4708 ausura
914 4669 978 4710 csse
992 4668 1058 4709 con·
1113 4651 1230 4711 habeant
1246 4653 1431 4708 commodat.
1456 4652 1578 4709 Pessime
1598 4662 1689 4709 autern
1710 4652 1782 4713 ltir..
1799 4654 1870 4722 lips.
1885 4661 1916 4707 et

258 4739 364 4781 sessum
382 4722 495 4793 ingredi.
511 4723 570 4778 Non
587 4725 660 4778 euim
676 4723 794 4779 llilarius
811 4722 1057 4790 dicit,Eudotium
1112 4722 1173 4780 Par.
1204 4736 1265 4795 post
1288 4722 1447 4790 Erasmum,
1473 4724 1551 4795 pidem
1571 4724 1687 4783 scritum
1706 4723 1856 4798 ipocrite,
1885 4730 1915 4778 et

261 4795 313 4851 ltac
325 4795 455 4852 Seleuciae
469 4793 641 4864 praedicasse,
654 4794 702 4848 sed
715 4809 776 4849 eutn
790 4795 858 4849 alias
886 4795 1060 4865 predicasset
1112 4794 1261 4869 dpatcveiau
1275 4795 1509 4850 dirriatiiittdinem
1529 4794 1661 4851 damnarat.
1676 4795 1767 4850 Palam
1780 4804 1823 4851 est
1837 4793 1914 4849 llila·

262 4864 347 4935 (baud
359 4865 442 4947 dubie
454 4863 480 4919 itt
493 4880 526 4920 eo
539 4874 687 4931 castrentu,
700 4880 780 4935 quem
793 4866 953 4932 Antiochiae,
968 4866 1058 4921 statim
1113 4869 1182 4923 rium
1203 4867 1249 4923 hie
1269 4868 1406 4936 respicere
1429 4867 1456 4921 in
1470 4866 1613 4922 turmulam
1637 4866 1672 4922 ab
1693 4864 1794 4922 deaeia
1814 4865 1914 4921 tenne

261 4951 343 5007 atque
358 4937 455 4992 tnnasn
477 4934 547 4991 hatte
561 4935 665 5000 sedam,
682 4935 863 5007 cttnrocarit),
884 4937 991 5006 publice
1007 4937 1061 4993 lec·
1114 4949 1278 5009 porrectam,
1293 4945 1322 4992 et
1335 4938 1361 4991 itt
1378 4936 1458 4993 tertio
1478 4935 1659 4994 Seleueiensis
1673 4938 1769 5003 spnadi
1782 4950 1914 4993 consessu

258 5015 314 5063 tutu
337 5021 398 5064 esse
420 5006 567 5070 Seleuciae;
588 5015 616 5061 ct
634 5005 743 5073 nutdetn
757 5016 819 5062 atate
832 5023 911 5076 qttotn
930 5008 1058 5064 Acaciatti
1113 5011 1238 5079 ejusdem
1254 5009 1352 5065 leonte
1364 5023 1445 5078 opera
1460 5009 1619 5079 perlectam,
1634 5011 1660 5063 ia
1674 5024 1728 5076 pua
1745 5008 1817 5077 apud
1830 5006 1916 5065 dtlta·

257 5093 356 5133 nonam
372 5076 435 5133 [idei
448 5076 592 5131 tartnntam
613 5077 762 5142 cuderent,
777 5087 804 5135 et
820 5078 933 5147 proinde
948 5080 974 5135 in
989 5094 1056 5135 con·
1109 5082 1226 5147 uastum,
1236 5079 1446 5152 tihdeSyuad..
1457 5079 1558 5149 peut,
1573 5090 1602 5136 et
1616 5080 1687 5151 apud
1697 5080 1849 5147 Socratem,
1863 5077 1912 5133 lib.

254 5149 446 5219 sessttprimo.
463 5147 992 5219 thstaretpnodnanrnttnoodnretns,
1008 5152 1055 5207 lib.
1109 5164 1139 5213 rr.
1155 5154 1238 5215 eta.
1256 5151 1767 5227 accurrit.rips'ndpaon'ctaaaalrii
1802 5149 1915 5207 ιιοῦσων

255 5234 276 5274 tt
291 5219 361 5302 ilist3
376 5220 442 5276 eccl.
457 5235 482 5273 c.
498 5217 552 5301 27,
571 5219 721 5275 Eudoxiuttt
737 5221 771 5276 ab
786 5220 929 5278 Eust'tthit)
943 5222 1057 5292 aliisque
1107 5224 1258 5297 ἑκβὺλλομιν
1273 5226 1308 5285 ὡς
1334 5221 1465 5301 ἀλλότριον
1485 5233 1536 5282 τῶν
1558 5232 1675 5299 Γραφῶν·
1695 5221 1763 5281 eti
1799 5220 1916 5296 ἀνόμων

254 5290 464 5346 Selettcreusiss
484 5291 546 5345 uodt
563 5290 659 5361 togatis
674 5291 745 5351 annu
765 5293 955 5360 imperatorem
976 5308 1056 5349 accu·
1108 5296 1334 5369 ἀναθιματὶζιμιι.
1349 5296 1427 5365 apua
1440 5296 1618 5366 Epiphaniam
1628 5303 1729 5361 autem,
1741 5295 1807 5350 laer.
1818 5304 1915 5359 snut,

255 5361 442 5443 satum,tptad
483 5362 615 5445 orrendas
630 5362 665 5444 ⁸itt
686 5361 734 5418 Dei
755 5361 854 5445 Filium
872 5364 1055 5432 blasphemias
1110 5380 1138 5418 n.
1154 5365 1204 5429 25.
1226 5367 1657 5441 destderaturtotdpanadrtan,
1672 5382 1753 5437 quam
1766 5366 1916 5422 restituen-

253 5443 430 5514 evomutsset,
454 5431 606 5515 Coatstantrt
629 5448 656 5487 nr
672 5447 713 5487 sut
731 5448 813 5503 tpstus
836 5438 949 5501 naariam
969 5452 1056 5504 uttan·
1111 5435 1172 5491 dara
1190 5438 1277 5508 liquet
1297 5448 1353 5492 tunt
1377 5453 1411 5494 cx
1435 5438 1583 5494 altitonasio
1606 5447 1634 5495 et
1657 5438 1779 5503 Somne,
1804 5444 1860 5492 turn
1879 5448 1915 5491 ex

253 5510 352 5559 tumtts
368 5517 494 5572 propensa
509 5518 577 5560 tram
594 5513 748 5573 temperare
763 5521 816 5561 aaa
828 5506 907 5562 aliter
922 5506 1054 5578 potuisse,
1112 5516 1209 5563 nostro
1225 5508 1339 5563 llilario.

251 5589 332 5642 auam
345 5586 438 5629 carum
451 5584 593 5631 auctorem
603 5589 658 5631 non
671 5589 712 5642 se,
726 5576 774 5632 sed
789 5579 896 5633 Aetium
910 5592 971 5635 esse
981 5577 1056 5633 altir-
1144 5579 1175 5650 (ι’)
1189 5579 1265 5648 Lips.
1278 5587 1308 5634 et
1318 5578 1383 5635 Par.
1397 5580 1448 5651 ipsi
1459 5581 1554 5637 sessui.
1566 5580 1678 5637 Rectius
1690 5580 1736 5636 alii
1752 5577 1825 5646 libri,
1838 5578 1914 5649 ipsit,

256 5643 367 5702 manda.
1108 5648 1167 5705 scil.
1182 5649 1337 5717 haomoeis3
1354 5668 1430 5709 seara
1444 5652 1615 5718 audiendam,
1626 5652 1679 5708 hoe
1691 5663 1744 5719 est,
1759 5648 1917 5718 autiumju·
2000 5663 2005 5667 ·

287 5714 321 5787 (e)
336 5715 365 5770 ln
380 5713 503 5786 culpatis,
518 5716 675 5790 colloquium
686 5720 822 5791 stratonis,
838 5729 864 5779 et
876 5721 1048 5793 compunctio.
1106 5718 1179 5779 dicio
1193 5729 1221 5779 et
1234 5731 1364 5792 quantum
1378 5724 1411 5782 ad
1433 5722 1623 5783 uocabulorum
1635 5738 1744 5780 sottum.
