4209 6250
163 237 213 295 ει.
901 224 1100 299 bulento.
1785 236 1822 295 ἥ

164 355 202 413 ita
219 349 380 426 perrulmir
400 365 407 405 ι
424 347 601 421 deturparetur
615 344 688 403 nain
711 347 759 405 lrde
773 344 854 415 selle,
869 344 929 403 dune
941 351 965 403 et
979 343 1003 411 Α
1018 352 1081 410 true,
1093 342 1210 405 dertare
1224 352 1287 405 aeldt
1299 343 1379 416 buitta
1390 360 1458 401 nune
1467 345 1556 405 ruenti
1565 347 1693 421 maelii:
1707 364 1763 413 reru
1774 353 1821 415 iar

165 444 282 503 audacie
298 443 444 511 redrtiiur,
459 451 483 499 et
498 440 581 505 errori
597 437 758 509 emuulilttr,
777 446 802 496 et
813 438 967 513 ignorantias
1019 440 1108 497 babuit
1125 439 1191 510 tides
1204 455 1280 505 mea,
1294 455 1373 511 qnam
1387 447 1416 496 nt
1429 439 1559 510 erudisti,
1575 442 1721 515 mapinroe,
1738 442 1821 505 luera·

165 537 325 611 prorr'rierpr.
1019 533 1081 591 ditis
1091 549 1139 605 epe
1155 532 1301 591 nominibrtr
1314 533 1355 589 iris
1364 531 1392 591 in
1406 541 1430 589 te
1440 533 1478 589 ita
1487 533 1595 603 credidi,
1606 551 1652 609 per
1666 543 1691 597 te
1702 536 1738 597 ita
1747 553 1823 597 reum

202 631 289 689 XXX.
305 630 346 691 Ile
362 629 491 687 Trinitate
504 627 580 687 teria
592 627 678 699 {acm
695 626 816 685 illicilum
834 632 916 701 paret.
931 654 968 667 -
1019 639 1061 685 tur
1074 645 1149 695 aunr;
1162 637 1187 684 et
1199 630 1293 685 deinde
1308 637 1367 685 tune
1380 627 1416 682 ita
1426 644 1492 685 ιιιιιι.

165 725 226 783 Nou
239 725 320 797 igitur
334 732 432 795 sponte
445 765 453 791 ,
467 731 513 777 aut
525 721 616 792 aliquo
629 718 779 791 suadente,
792 718 828 777 ad
841 718 922 777 umba
933 718 967 775 dc
1056 721 1183 781 xxiiii.
1198 722 1294 781 Fidem
1310 722 1452 795 scripturis
1462 723 1687 783 mrertatniirderu
1702 724 1764 781 loeis
1777 725 1822 787 de·

164 828 260 875 sancto
268 815 408 873 Trinitatis
419 814 549 887 mysterio
561 812 682 870 iacienda
695 810 842 884 prosiliuit:
854 811 902 869 sed
912 820 966 869 mm
1019 818 1112 889 pendit,
1126 816 1217 887 quibas
1227 819 1406 887 impugnatur.
1417 844 1453 857 -
1465 815 1551 884 Quam
1562 825 1652 875 autem
1666 832 1682 873 e
1696 816 1820 889 Scriptu-

165 906 328 965 neaussariis
344 906 377 962 ad
391 906 534 963 utilitatem
555 904 685 965 Ecclesiae
700 904 791 960 causis
806 903 864 959 bec
877 903 903 959 ei
919 919 968 959 ro-
1019 911 1058 967 ris
1073 910 1199 966 hauseras
1213 908 1306 973 iidem,
1319 908 1467 979 scripturis
1482 908 1614 981 explicas,
1628 910 1744 981 primurn
1760 910 1821 982 qui-

165 999 256 1056 iuntas
269 1008 375 1055 extorta
387 998 447 1053 luit.
464 998 494 1053 Ei
509 997 636 1053 nimirum
649 1011 806 1068 persuasum
822 1005 881 1053 erat
900 995 967 1055 illud
1018 1003 1080 1061 dem
1099 1002 1275 1074 propheticis,
1300 1009 1356 1057 tum
1371 999 1545 1072 euangelicis,
1565 1016 1598 1057 ac
1619 1000 1728 1059 demum
1752 1017 1819 1073 apo·

164 1093 226 1150 8⁰¹⁸
247 1091 321 1159 fille,
336 1090 393 1147 8⁰¹²
409 1090 541 1145 melfium
564 1089 696 1161 restibile
711 1087 865 1159 ⁰l¹⁰¹'tuisse
879 1086 967 1143 0⁰ssli·
1019 1096 1133 1154 stolicis.
1155 1096 1196 1153 rid
1210 1111 1277 1168 quas
1296 1093 1483 1165 intelligendas
1497 1095 1621 1166 aptisque
1634 1095 1726 1151 verbis
1739 1110 1817 1151 enar·

166 1188 227 1245 neri
242 1187 296 1259 (lii.
311 1201 342 1253 tt,
359 1202 386 1241 u.
401 1184 435 1251 ἲς
450 1184 513 1241 t'bt'd·
537 1201 564 1239 n.
589 1181 628 1256 5),
644 1182 716 1254 qttud
730 1190 802 1239 retra
816 1182 967 1254 sipuificau-
1018 1190 1117 1245 raudus
1127 1204 1161 1247 eo
1174 1204 1203 1244 sc
1214 1186 1310 1259 spiritu
1321 1186 1417 1243 donari
1429 1187 1509 1245 enixe
1521 1195 1597 1258 rogat
1609 1187 1665 1259 (lit.
1678 1203 1699 1254 r,
1714 1205 1742 1243 re.
1757 1187 1817 1260 38).

165 1283 229 1337 lium
239 1281 362 1339 lonleii
374 1291 422 1345 Μ.
436 1288 606 1337 wlldlnlllw
617 1278 794 1341 inllttlt'vtlm
806 1286 878 1335 &llll
888 1276 966 1333 intel·
1018 1300 1073 1355 quo
1086 1288 1202 1355 primum
1216 1282 1300 1339 alllati
1314 1289 1378 1345 surrt
1393 1283 1532 1352 propbetas
1545 1290 1574 1337 et
1595 1281 1710 1351 apostoli
1726 1281 1760 1338 ad
1771 1297 1818 1339 eas

165 1373 280 1445 ιιῃιιιὶω
293 1372 492 1442 conceptionem.
504 1369 637 1439 Quocirca
650 1384 712 1425 cum
726 1368 761 1425 de
777 1377 851 1423 tauto
866 1378 967 1441 mystc·
1018 1376 1148 1433 edendas.
1167 1375 1234 1431 lliuc
1256 1374 1345 1430 uarios
1359 1373 1430 1431 inter
1445 1374 1557 1429 timores
1578 1388 1614 1429 nc
1627 1374 1709 1430 rerba
1729 1373 1816 1430 ullen-

164 1467 371 1525 riosermonstn
387 1464 458 1520 inire
470 1463 594 1519 illicitum
610 1477 642 1517 ac
658 1462 784 1517 uitiosum
797 1470 915 1531 putaret,
932 1459 967 1519 nd
1019 1468 1116 1536 duret,
1136 1467 1184 1524 lib.
1204 1483 1252 1530 ιιι,
1274 1483 1302 1522 n.
1317 1466 1345 1535 3,
1362 1474 1481 1523 mentem
1505 1465 1648 1524 confirmat
1663 1482 1695 1521 ac
1712 1477 1821 1527 serenat

166 1561 236 1617 banc
249 1576 281 1619 ss
294 1558 485 1617 necessitatem
499 1557 624 1615 adactum
640 1556 689 1612 lib.
714 1570 734 1615 n
748 1555 872 1626 pluribus
891 1554 967 1625 lape-
1019 1559 1061 1615 bis
1073 1559 1180 1616 verbis:
1195 1556 1258 1613 Non
1271 1557 1345 1625 neta,
1361 1558 1407 1613 red
1416 1559 1565 1629 epouolieir
1575 1560 1674 1613 reando
1687 1558 1819 1630 pradinas.

168 1653 268 1711 missit.
280 1652 474 1724 compellimur,
483 1649 571 1722 iniquit
581 1667 609 1709 n.
619 1649 648 1716 ἢ,
658 1648 835 1705 hereticorum
846 1648 967 1720 blaspbe-
1019 1651 1073 1709 Sed
1088 1661 1116 1707 et
1129 1666 1210 1721 quam
1231 1666 1328 1711 secure
1348 1651 1496 1721 scripturis
1510 1652 1625 1711 ducibus
1638 1657 1771 1721 scarrdat,
1787 1653 1819 1709 li·

165 1753 292 1808 matiana
315 1750 383 1811 ends
397 1748 491 1805 illicita
510 1764 603 1820 apere,
619 1747 704 1801 ardua
717 1744 856 1811 scandere,
871 1743 965 1813 inrisa·
981 1744 1005 1805 B
1018 1746 1069 1803 bro
1086 1744 1226 1817 superiore
1242 1760 1317 1805 num.
1332 1745 1368 1801 ΞΟ
1392 1744 1556 1803 luculentius
1572 1746 1701 1815 ostendit,
1714 1747 1760 1807 ubi
1775 1763 1820 1807 ro·

164 1846 228 1902 lilia
242 1845 345 1915 elapsi,
360 1843 509 1901 inconcessa
522 1856 676 1912 presumere
688 1855 698 1894 .·
712 1848 740 1895 et
754 1854 827 1905 mox,
844 1834 966 1909 capimur
1017 1840 1245 1912 censerrsouibus
1259 1839 1416 1896 auctoribus
1428 1840 1608 1910 credidisset,
1624 1849 1651 1898 el
1665 1856 1728 1901 num
1748 1841 1820 1903 boun

163 1939 290 1995 menteris
310 1937 392 1995 nostri
411 1935 581 1993 humilitatem
601 1933 637 1988 ad
659 1949 690 1989 ea
710 1946 769 2003 aute
783 1929 967 1989 inenarrabilia
1019 1935 1188 1992 lumbricum
1199 1935 1325 1991 narrares
1338 1933 1487 1991 anteferret
1497 1949 1662 2005 proponens,
1674 1935 1818 2006 qaiamdam

162 2041 225 2087 snat
239 2030 375 2087 mundns
389 2028 469 2084 :erin
481 2026 572 2082 uitium
582 2025 642 2083 uitio
655 2034 801 2081 coartamur
814 2024 911 2081 alieno.
1018 2042 1051 2084 ex
1075 2027 1177 2083 diuinis
1201 2025 1406 2096 scriptoribus,
1421 2039 1491 2097 quus
1515 2025 1659 2095 sequitur,
1681 2032 1820 2098 perpetum

200 2121 300 2181 xxxi.
313 2121 370 2189 Quo
383 2121 471 2179 animo
484 2117 534 2175 leae
547 2116 619 2191 Opas
628 2115 965 2191 mentina-Undaao
1019 2118 1172 2175 traditionis
1190 2125 1312 2177 catenam
1336 2118 1466 2177 coauxit.
1491 2116 1592 2179 ilerum
1613 2116 1677 2189 quia
1698 2118 1819 2179 baeretici

164 2216 234 2277 illud
248 2212 451 2288 petractaadum
465 2227 499 2273 co
510 2213 602 2271 animo
612 2210 729 2278 aceedit,
745 2219 776 2268 nt
788 2219 816 2269 et
828 2210 903 2281 prius
916 2224 964 2269 ve·
1018 2213 1100 2269 etiam
1111 2226 1141 2269 se
1154 2210 1301 2287 scripturis
1315 2210 1363 2267 niti
1374 2209 1535 2282 glorientur,
1547 2224 1607 2267 cam
1622 2210 1677 2271 illis
1690 2209 1816 2275 ildociaro

162 2310 237 2365 niara
249 2322 298 2380 pro
307 2305 407 2367 delicto
416 2304 586 2374 deprecetur,
599 2317 651 2360 nec
661 2302 733 2359 desc
743 2300 965 2372 spondeatouid·
1019 2302 1125 2374 cripere
1138 2312 1236 2367 curat,
1252 2316 1312 2361 cum
1328 2316 1376 2357 cos
1396 2301 1470 2371 ipsos
1485 2299 1633 2372 Scriptura
1647 2299 1742 2371 locus,
1758 2301 1818 2372 aui-

162 2417 264 2474 qnaru,
280 2401 331 2457 uisi
346 2396 528 2470 supplendum
541 2410 602 2453 csse
617 2410 665 2466 per
678 2393 760 2453 lidum
778 2406 877 2463 tuam,
893 2392 966 2464 cuod
1017 2394 1069 2455 bus
1090 2394 1165 2451 abuti
1191 2393 1280 2451 soient
1293 2394 1327 2450 ad
1345 2393 1537 2453 destruendam
1557 2393 1654 2460 fldem,
1669 2393 1818 2466 prudenter

162 2493 284 2550 sermoni
308 2490 465 2547 delaturum
490 2502 543 2543 non
573 2486 701 2557 arrrbigat.
724 2484 769 2545 Sic
795 2484 868 2541 enim
897 2484 963 2543 ibid.
1017 2488 1128 2545 adliibet
1144 2486 1179 2543 ad
1193 2501 1253 2547 eam
1267 2486 1476 2555 adstruendaon
1490 2495 1519 2547 ιιι
1533 2485 1819 2556 itteranrrrrrparia-

162 2600 240 2645 uum.
256 2584 289 2652 5,
307 2582 390 2643 tabat
404 2597 414 2635 .·
430 2580 484 2637 Sed
498 2596 545 2639 not
560 2577 717 2637 neeenitan'r
730 2577 808 2647 buius
825 2577 857 2633 ab
876 2592 905 2635 ea
920 2576 966 2647 qui
1018 2590 1070 2648 tur,
1086 2580 1129 2635 ubi
1143 2588 1263 2652 nepetae,
1279 2577 1467 2650 inquilino,
1483 2592 1559 2639 oum.
1586 2577 1620 2646 i,
1632 2577 1678 2633 nbi
1689 2575 1818 2647 deinceps

162 2676 219 2735 ber
233 2677 320 2733 amaia
343 2684 380 2731 ert
405 2674 504 2733 reniam
517 2679 693 2741 deprecanter,
718 2670 881 2739 audebimus,
894 2685 965 2739 aute·
1018 2675 1070 2733 sibi
1080 2671 1264 2745 praestandum
1275 2679 1379 2736 munet,
1392 2669 1465 2741 quod
1477 2668 1607 2727 bactcnus
1619 2683 1649 2731 se
1658 2669 1818 2740 prestitisse

161 2786 258 2835 remea,
274 2768 407 2835 loquemur
418 2782 428 2822 .·
441 2776 466 2823 et
477 2765 546 2836 asad
557 2763 641 2821 aomar
653 2764 680 2818 in
694 2771 766 2821 tanta
778 2778 867 2821 rerum
880 2777 965 2831 auree
1016 2765 1142 2822 conlidit.
1157 2765 1259 2822 Eodem
1278 2765 1305 2821 in
1321 2765 1383 2821 loco
1404 2778 1479 2821 num.
1496 2762 1524 2827 b.
1538 2761 1615 2823 libris
1628 2763 1817 2833 superioribus

162 2864 233 2915 aione
245 2844 926 2929 praetutianus,adquaerentripntlie'utacredemtn
1017 2877 1048 2918 re
1066 2859 1191 2916 docriirsa
1213 2858 1351 2927 declarat,
1376 2870 1471 2913 omrrm
1483 2855 1645 2917 titanorum
1661 2854 1769 2915 lraudss
1789 2864 1818 2917 et

199 2950 310 3007 xxxii.
326 2951 427 3018 Quanta
437 2951 509 3005 illiur
522 2946 609 3004 deboc
622 2949 743 3020 mysterio
754 2946 963 3019 pidem-Neque
1016 2968 1124 3011 errares
1148 2953 1210 3010 irino
1237 2954 1323 3022 oriri,
1347 2951 1419 3023 quod
1449 2951 1668 3023 dirpensatiettrnr
1688 2950 1815 3021 assumpti

161 3045 237 3105 enirn
254 3048 376 3110 incerta,
391 3053 437 3099 aut
449 3041 573 3113 trepida,
588 3051 635 3099 aul
648 3040 767 3112 vulgaris
780 3039 830 3095 init
843 3039 915 3099 iliius
928 3039 962 3097 de
1017 3047 1134 3119 corporis
1149 3048 1254 3119 rapiunt
1268 3048 1303 3101 ad
1320 3046 1502 3103 contumeliam
1520 3044 1675 3111 diuinitatis,
1691 3054 1719 3103 el
1729 3044 1817 3114 dubii·

164 3139 350 3197 occultissimo
359 3137 499 3196 Trinitatis
511 3137 640 3210 mysterio
649 3135 728 3196 fides.
739 3135 813 3196 ilaue
823 3137 965 3212 perspicue
979 3138 1002 3204 C
1018 3158 1080 3204 cero
1101 3140 1202 3198 Claristi
1225 3151 1349 3208 naturam
1364 3140 1529 3210 distinguere
1551 3149 1596 3208 ant
1611 3140 1734 3204 nesciunt
1747 3180 1755 3207 ,
1770 3149 1817 3195 aut

162 3234 233 3290 adeo
248 3233 275 3289 in
288 3233 435 3304 seripturis
447 3240 577 3287 assertam
595 3231 713 3294 ridebat,
729 3243 758 3286 ut
773 3233 963 3287 baereticorum
1018 3238 1122 3293 nolunt.
1140 3236 1273 3305 Qrioclrca
1288 3245 1315 3290 ut
1326 3243 1354 3290 el
1367 3249 1475 3291 errores
1488 3233 1617 3290 radicitus
1630 3241 1814 3305 amputentnr;

162 3328 248 3385 duces
261 3368 269 3394 ,
284 3327 382 3399 quibus
402 3325 455 3380 ille
480 3325 578 3394 ignotas
600 3341 653 3378 nun
669 3335 765 3391 eram,
777 3326 817 3381 850
830 3324 962 3392 biberet,
1017 3342 1044 3387 et
1060 3331 1155 3385 inanes
1170 3328 1268 3385 cadant
1288 3327 1478 3385 hereticorum
1502 3328 1606 3382 accline
1629 3337 1658 3382 et
1681 3326 1812 3393 laliacias;

163 3422 240 3492 parsi
255 3421 301 3493 oui
325 3434 358 3478 ea
382 3418 532 3489 pertinacia
554 3427 583 3475 et
604 3434 687 3490 pravo
708 3418 854 3489 impietatis
872 3420 964 3479 studio
1017 3437 1115 3494 magno
1126 3421 1192 3478 iuid
1206 3421 1297 3480 studio
1308 3419 1449 3486 incumbit,
1461 3419 1667 3482 uldemonstrct
1676 3420 1814 3482 christum

162 3522 265 3583 apertas
289 3512 449 3571 resisterem
463 3513 567 3569 ueritati
583 3530 590 3566 r
607 3513 676 3570 iiiuc
690 3523 732 3570 est
752 3513 817 3570 illud
839 3515 888 3570 lib.
903 3529 962 3581 an,
1016 3522 1044 3570 et
1059 3516 1142 3570 Deum
1156 3530 1248 3570 rerum
1263 3529 1334 3583 esse,
1350 3514 1415 3572 dum
1429 3521 1510 3574 uatus
1521 3528 1556 3570 ex
1570 3512 1627 3570 Deo
1640 3521 1695 3581 ast,
1711 3522 1740 3574 et
1752 3528 1816 3585 per-

162 3622 238 3662 nnm.
252 3604 306 3661 ls:
325 3603 388 3662 Non
398 3604 472 3660 babet
485 3606 575 3662 saltem
587 3608 707 3677 impietur
720 3607 838 3672 ueniam,
853 3616 882 3662 ut
896 3622 965 3677 pre·
1016 3607 1116 3666 lectum
1138 3605 1275 3662 bominem
1288 3648 1297 3674 ,
1312 3605 1376 3668 dum
1389 3607 1415 3664 ei
1436 3615 1479 3664 esl
1490 3616 1629 3677 pertusas
1641 3605 1770 3677 vireium
1785 3613 1816 3661 ut

162 3698 250 3756 anea
268 3698 408 3763 impietatis
418 3714 530 3755 errorem
545 3714 556 3754 .·
569 3699 641 3770 qnod
656 3699 746 3755 verbis
758 3699 818 3756 aliis
836 3698 964 3772 irequens
1016 3714 1078 3758 cum
1091 3699 1204 3756 ueritate
1216 3699 1339 3770 corporis
1353 3699 1483 3759 subsistat
1493 3699 1519 3758 in
1531 3707 1626 3756 natura
1639 3698 1699 3764 lici,
1712 3706 1815 3760 etcum

160 3792 459 3851 inculcareconsucrit,
471 3792 533 3862 lpre
544 3807 609 3848 rero
620 3803 673 3850 tam
683 3793 738 3849 alle
748 3793 872 3850 mmdem
883 3793 964 3850 iidem
1016 3792 1065 3848 bet
1078 3802 1174 3848 natura
1184 3800 1290 3847 mancat
1303 3790 1330 3848 in
1341 3790 1464 3862 corporis
1477 3791 1590 3846 veritate
1609 3789 1667 3862 (lii.
1679 3804 1717 3857 ιι,
1732 3806 1760 3845 u.
1772 3786 1813 3860 dt.

65 3945 72 3955 ,
161 3885 255 3942 arrimo
270 3882 423 3951 imbiberat,
439 3889 495 3939 uta
512 3885 566 3939 uita
580 3884 686 3940 lucilius
700 3899 780 3956 quarn
795 3884 831 3941 ab
843 3885 888 3941 illa
900 3900 963 3942 sese
1052 3883 1161 3941 xxxv.
1179 3884 1253 3940 Uriae
1264 3884 1431 3941 Cassiodorus
1441 3883 1563 3944 tredecim
1574 3883 1652 3940 librar
1662 3882 1766 3942 dtaerie
1778 3909 1816 3932 ›⁴-

160 3977 346 4034 direlleudum
361 3978 511 4034 conllrlcrct
524 3993 532 4031 ι
550 3976 613 4033 liae
626 3978 695 4034 eninr
708 3995 756 4052 epu
774 3980 810 4035 ica
822 3980 912 4047 didici,
926 3982 964 4035 iia
1016 3977 1152 4036 Verernnr
1166 3992 1211 4043 nc,
1226 3976 1290 4034 dum
1305 3975 1427 4047 prectart
1440 3978 1532 4046 operis
1546 3975 1733 4038 occasionem,
1748 3988 1814 4034 tau·

159 4073 279 4138 credidi,
298 4082 323 4128 et
341 4072 378 4132 ita
396 4072 557 4142 confirmatur
574 4074 666 4128 aulearia
685 4073 738 4142 ride
755 4085 851 4142 tenen,
873 4084 965 4130 aeaut
1014 4086 1071 4136 aas,
1087 4080 1203 4140 tempus,
1218 4070 1362 4136 rationem,
1382 4081 1548 4139 scopunrqna
1569 4066 1739 4138 indagemus,
1752 4081 1814 4128 mn·

160 4166 261 4236 passini
270 4164 471 4231 eraderealiter.
486 4173 531 4219 aut
542 4165 626 4220 uelim.
640 4165 744 4234 Quibus
757 4166 804 4222 lib.
818 4181 856 4234 rr,
873 4183 900 4221 u.
915 4166 961 4234 sb,
1014 4167 1083 4226 leste
1098 4164 1167 4222 ierat
1187 4165 1273 4224 lector
1291 4163 1318 4221 iu
1333 4163 1392 4234 ipso
1415 4161 1508 4220 limine
1527 4176 1558 4218 se
1572 4160 1673 4218 diutius
1686 4161 1814 4218 detineri.

159 4258 255 4315 verbis
272 4256 444 4314 similiasum
457 4255 515 4314 buc
530 4274 604 4314 num.
617 4257 650 4313 il
669 4258 724 4312 zeli
739 4257 836 4329 lrirepa
850 4275 908 4328 que
923 4268 961 4315 re·
1014 4259 1135 4331 Tasurpus
1147 4267 1190 4316 est
1212 4267 1243 4314 ut
1258 4275 1312 4316 non
1325 4257 1382 4330 jam
1404 4257 1492 4316 stillas
1514 4257 1645 4327 quasdam
1666 4253 1816 4312 liitrrianas

159 4367 210 4407 raro
223 4350 420 4416 ademeram,
435 4350 900 4406 birimmedicaiiliterimbatmrum
916 4361 963 4406 :et
1013 4354 1146 4420 delibare,
1162 4352 1209 4408 sed
1235 4354 1314 4423 pleno
1331 4367 1379 4408 ore
1398 4352 1434 4412 de
1455 4352 1587 4408 ironicum
1603 4346 1736 4412 doctrine
1750 4361 1815 4419 pru·

157 4444 267 4514 ipnosee
288 4443 449 4513 ournipoteur
469 4441 560 4511 Dran,
582 4442 643 4512 suia
664 4442 692 4497 ier
706 4442 746 4497 lrir
765 4457 813 4496 rrec
832 4443 962 4498 enrendari
1015 4444 1099 4501 tundo
1123 4453 1217 4515 potare
1241 4446 1425 4515 permittatur.
1448 4442 1586 4502 Nonnulla
1614 4450 1705 4500 umen
1726 4438 1815 4494 adbuc

157 4553 290 4609 peusin,
319 4547 345 4593 rt
366 4537 490 4593 eemraari
508 4551 623 4610 masam.
637 4535 769 4604 Quocirca
784 4536 875 4592 libello
895 4518 1118 4594 cauDrestanr
1146 4536 1240 4607 paucis
1266 4535 1436 4605 explicanda.
1468 4537 1508 4591 tle
1536 4534 1625 4606 primo
1653 4532 1815 4596 eximendus
1907 4585 1915 4604 ,

156 4630 350 4688 Gaudentium
365 4628 446 4688 enixe
468 4644 567 4700 rogans
582 4638 612 4684 ut
632 4628 667 4686 de
689 4629 742 4685 lide
764 4644 855 4685 corana
869 4629 963 4701 dispu-
1013 4628 1176 4698 scrupulus,
1195 4643 1275 4699 quern
1298 4625 1477 4684 Cassiodorus
1490 4625 1525 4682 da
1541 4624 1601 4682 Diu.
1617 4624 1703 4681 instit.
1720 4639 1744 4682 a.
1762 4623 1814 4690 tc,

157 4733 223 4782 tans
246 4722 396 4790 audiretur,
422 4720 485 4777 Nan
499 4731 554 4778 tarr
570 4721 746 4793 nihiloque
768 4737 841 4777 nium.
856 4722 885 4789 8,
899 4738 963 4794 repo
1015 4723 1111 4794 injicit,
1127 4722 1173 4777 ubi
1199 4720 1329 4780 tredecim
1345 4719 1439 4776 llilarii
1461 4719 1496 4775 de
1518 4716 1651 4776 Trinitate
1670 4716 1755 4776 libros
1770 4730 1814 4774 ro·

156 4818 339 4885 audiendum,
357 4833 434 4888 pann
450 4816 497 4871 till
509 4826 586 4887 etque
600 4815 724 4873 Eccleaire
742 4816 801 4872 liei.
819 4816 876 4891 lipa
894 4819 962 4873 enirn
1015 4823 1121 4872 censet.
1143 4814 1199 4871 Nec
1225 4828 1275 4869 nos
1295 4813 1396 4868 diutius
1413 4813 1544 4867 distinere
1562 4810 1644 4866 dcbcl
1665 4809 1725 4865 libri
1742 4808 1814 4872 illins

155 4926 241 4983 peaes
251 4910 383 4966 mababee
394 4911 483 4979 fidon,
499 4911 624 4965 emericre
637 4925 761 4981 eanepen
776 4909 963 4982 :puedaerepi
1015 4908 1112 4964 decimi
1132 4907 1204 4963 tertii
1226 4905 1374 4978 inquisitio.
1398 4903 1474 4962 Hand
1494 4903 1576 4962 dubie
1596 4901 1668 4962 enim
1690 4900 1766 4960 libris
1781 4900 1817 4956 dc

156 5015 249 5070 tenen,
264 5021 312 5060 nee
323 5005 426 5061 almaro
438 5005 506 5076 quad
519 5003 568 5059 liei
579 5013 627 5059 ert.
1020 4999 1151 5056 'l'rinitate
1164 4998 1285 5072 adjungit
1296 4997 1395 5054 librum
1409 4994 1738 5067 bespennensium.
1752 4991 1818 5050 Col«

194 5094 320 5154 xlllltll.
356 5095 432 5153 dude
451 5096 523 5152 illiue
542 5105 596 5154 terr
619 5104 761 5162 cantune,
787 5093 964 5150 hereticorum
1019 5093 1126 5151 bertino
1140 5092 1176 5148 ab
1185 5092 1263 5147 annis
1278 5097 1308 5146 ul
1319 5090 1460 5150 minimum
1476 5087 1551 5146 milla
1565 5095 1695 5153 exarato,
1710 5100 1818 5152 necnon

154 5187 231 5247 rero'
246 5202 298 5245 tarn
320 5190 399 5246 dubie
412 5191 486 5261 fider.
502 5220 538 5233 -
557 5190 585 5246 ln
609 5188 650 5246 bls
673 5189 803 5245 babemus
818 5198 871 5248 torn
897 5206 965 5247 cun·
1019 5187 1046 5242 in
1062 5185 1240 5243 Germancnsi
1261 5193 1289 5240 el
1308 5183 1394 5240 nltsro
1414 5179 1573 5242 colbertino
1592 5179 1729 5251 predictis
1741 5177 1820 5244 libris

155 5282 259 5342 auritis
283 5269 347 5340 naal
369 5283 517 5350 rationmn,
545 5285 607 5354 quia
631 5282 757 5340 nimirum
781 5281 895 5339 adhesit
917 5299 965 5338 nn·
1020 5278 1313 5340 aobnransliterrm
1327 5277 1494 5335 inscribitur.

156 5377 246 5447 nquae
259 5374 419 5443 traditioni,
439 5392 528 5447 neque
543 5391 576 5432 ex
591 5376 624 5431 iis
636 5392 697 5447 piru
723 5386 866 5447 acceperat
887 5375 966 5447 quid·
1055 5369 1179 5429 xxxvl.
1202 5370 1313 5426 llluruer
1326 5371 1410 5442 rlples
1421 5411 1429 5438 ,
1442 5369 1486 5440 qui
1500 5384 1560 5424 earn
1574 5365 1648 5424 libris
1664 5362 1822 5433 Quintiliani

156 5485 245 5540 anam
266 5469 428 5526 demutarlt.
448 5468 550 5525 Contra
567 5483 634 5525 roro
655 5469 843 5526 burcticomm
863 5470 966 5526 doctri·
1019 5466 1172 5522 ennuntiat.
1191 5494 1228 5506 -
1248 5464 1383 5520 Ceterum
1401 5464 1518 5520 llilarins
1542 5463 1601 5530 ipre
1624 5460 1652 5518 iu
1677 5456 1822 5516 duodecim

157 5577 238 5628 nana,
253 5562 294 5618 rel
308 5573 418 5634 propter
431 5563 579 5619 novitatem
608 5562 787 5633 respuendum
802 5577 834 5617 ac
846 5563 968 5619 veritatis
1020 5569 1122 5616 larrturu
1135 5558 1218 5614 libros
1229 5567 1314 5613 tuturo
1336 5573 1405 5629 opus
1418 5572 1496 5618 aarum
1509 5554 1659 5621 distribuit,
1670 5562 1697 5611 et
1710 5551 1745 5608 ab
1759 5550 1824 5610 ille·

158 5667 305 5728 expertem
326 5657 374 5713 lib.
392 5673 431 5722 rr,
448 5674 475 5714 ιι.
491 5659 522 5712 bl
540 5698 547 5723 ,
563 5655 654 5727 lepide
668 5655 807 5726 probatio
824 5654 895 5711 huuc
910 5671 969 5712 nro·
1020 5668 1135 5724 runyrnu
1145 5654 1225 5723 epist.
1240 5667 1343 5709 srxxrs·
1357 5651 1391 5706 ad
1402 5650 1526 5722 Magnum
1537 5658 1649 5722 propter
1666 5648 1738 5704 lrauc
1752 5661 1823 5717 pru·

165 5750 235 5808 duur
250 5768 258 5807 r
274 5749 359 5810 narei
372 5748 436 5809 rutlrt
449 5749 497 5807 lrnr
513 5748 690 5822 ierpir'rrinrer,
705 5758 829 5821 arantum
841 5764 889 5821 epe
901 5747 971 5806 arbi·
1024 5748 1122 5806 sertim
1137 5745 1334 5804 duodenarium
1350 5759 1493 5803 nnmerum
1510 5751 1678 5803 aremoratnr
1691 5738 1827 5796 duedecim
