4209 6250
169 278 223 336 555
567 271 670 333 unns
686 272 732 334 DE
751 271 909 343 sinonis,
927 270 995 333 SEU
1014 272 1060 332 titt
1079 273 1159 332 iios
1170 273 1417 336 emunitatem.
1767 287 1822 345 ιιι

168 410 250 469 quam
274 394 473 467 scriptomsit:
501 408 595 468 quaro
617 409 790 468 compassum
812 408 875 452 esso
898 393 1010 460 undeA
1057 393 1102 451 st.
1123 394 1516 468 lipistoltsiimiumdslatade
1530 399 1821 461 ιιιιιιιιιιιιιιιιιιιιι.

168 490 414 565 presumpserint?
431 491 487 548 hut
501 492 631 564 namquid
645 491 822 549 voluntduoa
842 503 904 548 csse
923 492 970 562 aui
1021 487 1053 544 sii
1068 489 1237 561 amatione.
1251 488 1627 552 ilomossioaoiuatioitatein
1639 496 1819 570 umbresci-

169 583 338 655 pasaisunti
362 583 392 640 id
405 585 478 641 enim
501 584 654 657 compassio
678 592 803 643 testator.
824 582 877 641 libi
903 583 970 642 illud
1019 583 1302 653 ter.-lipistolam,
1326 598 1441 656 marna
1464 586 1542 668 robis
1567 587 1603 646 de
1632 589 1767 648 homousii
1791 601 1820 649 et

168 687 210 735 est
223 676 300 734 less
313 676 432 735 fibrium
445 676 532 735 Filias
553 678 624 735 Deii
637 688 683 736 ant
706 677 969 751 numquidsliusest
1019 673 1054 732 de
1084 673 1228 732 bomoeusii
1265 676 1434 748 expositione
1460 678 1531 749 apud
1566 678 1694 739 Shmium
1718 682 1820 742 Valens

166 771 246 829 lesus
259 769 396 842 Christos,
416 772 488 830 situs
512 773 584 830 ilius
599 773 668 830 licit
681 773 711 832 Si
731 789 786 830 non
801 771 872 830 mem
886 782 968 844 atque
1018 774 1046 824 et
1061 765 1188 824 unicius
1209 776 1238 824 et
1256 767 1411 828 Geminius
1440 783 1623 842 poposcerunt
1649 775 1712 847 legi,
1739 776 1820 833 intel·

167 881 237 923 uuna
252 866 322 921 intra
333 873 466 934 miraeus
481 862 899 939 beiiiliusest3creditefiiin
914 864 965 920 bn·
1018 860 1073 932 ligo
1095 860 1124 917 in
1147 861 1307 933 quibusdam
1332 879 1387 920 non
1413 865 1504 922 mitius
1535 868 1616 940 509
1639 870 1820 942 circumspec-

167 958 274 1014 mousio
298 957 506 1028 ignorationem,
531 959 555 1014 si
573 957 633 1014 hac
657 958 776 1030 ignorari
788 957 967 1015 lieetsisn·
1017 961 1072 1010 tani
1086 969 1253 1025 csss,gnam
1266 955 1388 1013 liberam.
1400 958 1435 1013 Et
1447 960 1505 1030 ipsa
1517 959 1649 1018 homousii
1660 963 1820 1021 ethomoeu-
1912 1006 1917 1016 .

167 1061 222 1109 ισιιι
245 1053 274 1108 in
295 1050 337 1107 his
350 1051 418 1122 ipsis
429 1050 488 1123 ipsa
513 1051 558 1107 illa
583 1050 715 1124 ignoratio
729 1050 810 1121 impia
832 1058 885 1118 est,
903 1065 966 1121 qna
1015 1043 1049 1101 sii
1062 1045 1258 1102 demonstratio
1272 1046 1339 1103 nihil
1352 1049 1460 1119 reliquit
1472 1050 1648 1109 difficultatis.
1665 1055 1818 1127 Eiquidem

165 1149 255 1202 mmeu
270 1157 324 1199 nori
337 1152 438 1214 potest,
451 1158 503 1200 nec
526 1141 606 1210 falso,
621 1146 764 1211 creusam
778 1157 877 1200 vereor
888 1157 922 1198 ne
935 1151 965 1200 et
1015 1138 1049 1194 de
1069 1137 1235 1205 nummasio,
1255 1139 1327 1211 giiod
1342 1148 1384 1197 est
1404 1141 1501 1199 similis
1519 1145 1661 1215 ementim,
1675 1161 1819 1206 commune

166 1237 205 1306 lli
218 1237 364 1296 honioemi
374 1238 571 1309 ignorationem
582 1236 717 1308 professio
731 1236 887 1293 mentiatur.
902 1236 964 1294 Non
1012 1231 1143 1305 iudicium
1158 1242 1210 1290 etl·
1226 1232 1266 1289 lie
1280 1233 1423 1291 homousio
1436 1249 1520 1303 veto,
1534 1238 1606 1307 quod
1618 1247 1662 1294 est
1681 1240 1761 1297 unius
1773 1257 1818 1297 es-

164 1347 264 1404 queror
286 1330 434 1387 admodum
465 1331 501 1387 de
526 1332 697 1402 ueniaqnam
721 1329 805 1404 500
829 1329 962 1386 dedistis:
1014 1330 1301 1399 sentim,traetantes,
1317 1330 1433 1400 primurn
1447 1331 1550 1388 idcirco
1562 1334 1744 1403 respuendum
1756 1351 1817 1406 pro·

162 1423 321 1496 religiosum
345 1431 389 1479 est
416 1423 472 1480 lieo
498 1425 713 1489 shareserinre,
736 1431 764 1479 et
785 1423 963 1493 ignorationis
1013 1420 1173 1490 nuntiastis,
1194 1424 1257 1492 quia
1277 1436 1326 1493 per
1341 1422 1739 1494 rerhihnjnsenunstaiimem
1754 1428 1818 1484 suh-

161 1531 239 1573 error
252 1517 388 1572 hamanus
407 1525 459 1572 est.
472 1516 525 1572 Sed
538 1517 680 1587 ignoscant
693 1516 759 1571 mihi
771 1515 890 1587 jamdno
902 1515 961 1587 epi-
1012 1517 1110 1573 stantia
1126 1516 1199 1588 prior
1213 1515 1423 1589 intelligeretur,
1437 1532 1519 1588 guam
1535 1519 1588 1575 duo
1598 1519 1669 1575 inter
1681 1533 1711 1576 se
1726 1521 1817 1587 partiti

161 1611 237 1681 scopi
250 1608 350 1666 Valens
369 1617 398 1665 et
411 1608 551 1676 Uisacius,
565 1607 638 1679 quod
650 1622 697 1664 eos
712 1607 748 1680 (a)
764 1622 814 1677 pro
826 1615 907 1663 atate
918 1618 961 1663 at·
1012 1619 1113 1666 essent.
1131 1608 1255 1680 intelligo
1272 1609 1368 1666 uitium
1386 1610 1415 1665 in
1429 1609 1616 1681 intelligentia.
1635 1611 1667 1666 Ει
1685 1611 1816 1683 melarius

160 1716 215 1772 que
228 1700 423 1756 exercitatione
447 1715 497 1756 sna
510 1701 649 1771 ignorasse
670 1713 725 1755 nnn
735 1698 828 1754 eredo.
840 1697 875 1754 tii
889 1698 960 1755 diill-
1011 1699 1056 1757 bic
1071 1716 1168 1759 sensns
1179 1710 1237 1771 est,
1250 1712 1278 1760 et
1294 1704 1432 1760 communi
1450 1703 1554 1774 judicio
1577 1704 1612 1760 ab
1632 1704 1754 1762 Ecclesia
1773 1721 1817 1762 re-

160 1795 291 1851 cillimum
305 1802 348 1850 est
360 1808 396 1848 ne
416 1794 524 1849 mentiri
543 1791 747 1859 existimentur,
762 1794 809 1864 qui
821 1808 852 1848 se
865 1793 891 1847 ln
906 1792 959 1849 alio
973 1795 999 1857 B
1011 1792 1159 1863 spuendus.
1175 1793 1302 1852 wando
1314 1810 1422 1867 quoque
1434 1796 1461 1851 id
1475 1795 1628 1861 addidistis,
1638 1799 1711 1871 paud
1725 1807 1816 1871 patros

162 1887 202 1961 (ιι)
216 1888 325 1959 negoth
343 1902 398 1943 nun
411 1895 527 1959 possunt
539 1886 591 1942 nisi
604 1885 748 1944 mendacio
762 1899 889 1956 purgare.
903 1886 957 1943 Sed
1009 1887 1174 1955 nostri,cum
1189 1888 1287 1944 Paulus
1298 1888 1338 1962 (p)
1351 1889 1527 1947 samosateus
1540 1890 1686 1948 haereticus
1696 1908 1816 1964 pronun·

159 1979 290 2036 Dominus
301 1980 353 2036 hoe
367 1981 454 2050 magis
466 1979 576 2044 tribuat,
605 1987 637 2036 ιιι
653 1993 703 2036 nos
718 1980 789 2036 male
803 1979 956 2052 opinemur,
1009 1979 1092 2036 tintus
1105 1990 1164 2047 est,
1178 1982 1261 2037 etism
1275 1981 1437 2039 homousion
1449 1983 1653 2054 repudiaverint
1665 2001 1672 2040 ι
1688 1987 1751 2057 qnia
1762 2000 1814 2059 per

159 2086 239 2143 quam
253 2071 292 2126 illl
305 2069 342 2144 (s)
352 2087 408 2127 non
427 2072 622 2142 ignoraverint.
636 2072 706 2128 llalo
719 2073 792 2127 enim
808 2087 859 2144 ego
880 2072 953 2130 male
1009 2072 1079 2129 hane
1092 2072 1172 2129 unius
1185 2073 1313 2130 etsensim
1327 2075 1554 2145 niineupsiiunem
1568 2076 1719 2132 solitarium
1730 2086 1813 2149 sique

158 2162 318 2218 existimans
334 2161 460 2233 judicari,
482 2177 564 2234 qnam
589 2162 670 2219 lldein
684 2171 802 2220 rostram
822 2161 958 2220 hereticis
1008 2165 1119 2222 unicum
1142 2165 1193 2222 sihi
1215 2179 1277 2222 esse
1298 2166 1407 2223 Patrem
1422 2178 1451 2224 st
1468 2166 1569 2224 l'ilinni
1588 2168 1814 2239 predicabanlit

158 2256 333 2313 conscientie
343 2257 534 2313 communione
545 2256 653 2313 violari.
1007 2256 1061 2314 boe
1074 2271 1140 2315 sane
1150 2271 1222 2315 nunc
1235 2273 1343 2332 quoqne
1356 2259 1578 2330 profanissimum
1593 2261 1715 2319 Ecclesia
1730 2277 1810 2319 reeo·

193 2347 239 2407 80.
255 2349 312 2406 tiro
324 2356 415 2405 summ
438 2363 499 2418 ros,
510 2349 674 2406 sanctissimi
693 2349 755 2419 riri,
770 2359 800 2407 nt
810 2363 872 2407 cum
886 2350 956 2408 bona
1008 2350 1133 2423 gnoseit,
1148 2350 1256 2407 Patrem
1276 2359 1305 2408 et
1326 2350 1425 2408 l'llium
1440 2353 1467 2408 ln
1486 2351 1530 2409 his
1552 2354 1693 2410 nominum
1708 2353 1812 2425 proles·

158 2440 236 2499 senia
254 2440 454 2498 sollicitudines
473 2455 549 2498 meas
567 2440 718 2499 muraena.
731 2440 767 2516 (ι)
782 2441 871 2499 Testis
884 2445 956 2500 enlm
1008 2445 1131 2502 sionibus
1149 2445 1183 2501 ad
1199 2446 1305 2502 unloiiis
1318 2461 1351 2502 ae
1363 2446 1511 2517 singularis
1523 2445 1697 2504 solitudinem
1717 2457 1813 2519 negata

159 2533 289 2590 hominus
310 2543 354 2591 est
376 2534 552 2593 conscientiis
564 2549 643 2603 mete,
655 2536 682 2591 in
700 2535 775 2593 nullo
790 2549 834 2593 ine
848 2537 958 2608 erponi·
1007 2549 1185 2608 personarum
1205 2536 1373 2607 proprietate
1393 2547 1532 2593 reuocare.
1547 2535 1639 2594 'l’ertlo
1657 2537 1738 2594 etiarn
1753 2538 1812 2596 hsce

157 2626 247 2683 doum
265 2625 327 2694 has,
353 2641 422 2699 qaas
447 2627 575 2684 Sirmium
597 2628 743 2696 detulistis,
769 2627 832 2686 fidei
856 2639 958 2685 vestrm
1008 2643 1089 2686 causa
1108 2627 1280 2700 improbandi
1305 2626 1440 2684 homousii
1463 2637 1676 2684 commemorata
1699 2629 1812 2686 aiohls

157 2718 230 2775 relic
242 2718 406 2775 emiieilere.
419 2718 474 2776 Sed
487 2720 551 2777 date
565 2721 682 2790 reniam,
700 2722 725 2777 sl
738 2721 862 2794 qiiadam
877 2721 958 2778 intel·
1007 2733 1049 2779 est
1064 2737 1072 2777 z
1087 2721 1151 2792 quia
1164 2723 1191 2775 ln
1207 2719 1329 2793 synodo,
1343 2731 1404 2791 qum
1414 2718 1485 2791 apud
1504 2719 1622 2776 ttieseain
1643 2719 1710 2790 init,
1723 2719 1811 2777 coacti

158 2809 243 2881 ligere
254 2824 308 2867 non
322 2820 479 2881 postumat
490 2812 653 2868 consolabor
664 2827 723 2869 me:
736 2814 799 2883 quia
812 2814 879 2884 legi:
895 2813 958 2884 Spi-
1007 2822 1100 2886 patrea
1111 2812 1195 2868 nostri
1208 2821 1319 2884 propter
1332 2825 1381 2868 cos
1392 2812 1438 2881 qui
1448 2818 1601 2869 creaturam
1616 2810 1715 2868 Filium
1734 2813 1808 2870 dioe-

158 2903 224 2957 ss‘tss
237 2903 423 2975 prophetaram
445 2904 576 2977 prophetis
589 2904 718 2976 infirmia
730 2904 810 2978 est(l
824 2903 884 2962 Gor.
897 2917 956 2976 nii,
1008 2906 1204 2973 bant,nomen
1222 2900 1357 2962 homousii
1377 2902 1560 2961 indidissent:
1575 2905 1648 2976 quod
1667 2919 1722 2962 nou
1741 2907 1812 2963 reci·

158 2992 216 3067 ii).
234 2994 273 3052 lix
285 3009 339 3067 quo
351 2994 422 3052 forte
441 3012 497 3052 non
509 2996 681 3066 impudenter
703 2996 810 3054 etiams
826 3013 871 3055 rue
885 3013 956 3069 prae·
1008 2997 1136 3069 piendum
1152 2993 1253 3053 idcirco
1266 2998 1318 3065 sit,
1338 2998 1400 3068 qnia
1415 3009 1550 3068 nusquam
1563 2997 1693 3069 scriptum
1708 2999 1813 3070 reperi-

159 3087 287 3153 sumitur,
310 3095 340 3143 nt
363 3098 390 3144 et
401 3103 453 3160 ego
466 3088 627 3166 intelligam,
654 3088 725 3161 quod
745 3089 816 3146 alius
838 3089 954 3162 ignoret.
1008 3097 1093 3148 retur.
1107 3089 1185 3160 Quod
1199 3105 1214 3143 a
1228 3088 1304 3146 robis
1318 3089 1420 3146 dicium
1435 3089 1502 3146 satis
1520 3089 1614 3147 miror.
1630 3088 1659 3147 Si
1674 3091 1748 3149 enim
1761 3091 1812 3148 ho·

159 3178 219 3236 ilua
229 3179 303 3250 qum
315 3179 461 3251 quidquam
475 3195 525 3238 ros
538 3180 687 3236 secundnm
699 3196 853 3236 mensuram
867 3182 957 3238 scieu-
970 3194 993 3260 C
1008 3185 1133 3241 mansion
1147 3190 1259 3254 propter
1272 3183 1420 3240 nouitatem
1434 3183 1630 3255 repudiandum
1645 3186 1698 3253 sit;
1714 3198 1812 3243 terent·

160 3273 205 3329 tim
224 3274 502 3345 ignorarsausussim
515 3274 620 3333 dicere:
635 3275 851 3347 sedsnperddel
864 3277 956 3333 callio
1009 3291 1044 3333 ne
1065 3285 1093 3333 et
1118 3276 1291 3333 homoeusion
1320 3276 1502 3348 periclitetur,
1525 3276 1589 3349 quia
1614 3284 1748 3349 nusquam
1770 3276 1812 3351 (h)

160 3364 220 3421 liae
239 3366 353 3434 unitate,
374 3367 497 3439 patimini
518 3382 572 3424 nen
594 3369 889 3428 minusinnobisesse
902 3371 957 3428 sol·
1009 3371 1139 3440 scriplum
1154 3370 1315 3440 reperiatur.
1447 3366 1450 3373 '

159 3458 339 3529 licitudinum,
354 3475 434 3532 quain
448 3460 477 3518 in
492 3461 579 3518 tobis.
1047 3461 1093 3517 82.
1110 3462 1169 3530 Qoo
1188 3477 1265 3517 seusu
1273 3459 1377 3535 judicio
1398 3459 1528 3516 comatam
1546 3458 1691 3517 dmiinetttr.
1704 3489 1741 3503 -
1754 3457 1809 3518 Sed

92 3596 101 3617 ο
160 3574 327 3644 impassibilis
349 3576 429 3641 beas,
448 3577 533 3649 utique
552 3579 779 3653 incompassibilis.
805 3578 872 3635 Tem
894 3598 954 3652 erpo
1008 3598 1055 3639 ras
1070 3596 1086 3637 a
1101 3580 1214 3637 ialcnle
1230 3587 1259 3635 et
1284 3577 1395 3637 ursacio
1410 3577 1444 3635 ad
1457 3577 1557 3635 iulium
1572 3587 1634 3651 post
1647 3579 1808 3638 sardicense

160 3663 309 3715 compassus
327 3663 380 3702 noir
400 3659 447 3713 eri,
470 3666 547 3716 osori
558 3666 604 3705 asc
617 3666 707 3721 passas
721 3661 769 3718 esi,
786 3668 818 3706 aa
830 3663 956 3707 somniari
1009 3654 1153 3712 animilium
1170 3650 1349 3722 conscriptas,
1379 3651 1457 3707 uibus
1469 3666 1598 3720 expresse
1616 3650 1808 3707 confessisunt

160 3718 369 3792 conditioneque
382 3718 460 3777 fieus
473 3721 513 3776 lli
537 3738 601 3792 quo,
616 3733 682 3778 utet
692 3739 724 3778 ei
741 3731 835 3779 nosbo
854 3723 957 3780 ililniio
1009 3724 1077 3781 falsa
1099 3722 1260 3782 esseomnia
1273 3668 1474 3794 qnaeafliersus
1487 3722 1666 3780 Athanasium
1678 3721 1803 3794 mittiga-

160 3782 333 3845 manifestum
360 3802 411 3857 est,
423 3793 565 3849 itaereticos
580 3792 700 3849 dicentes
713 3794 795 3860 filium
811 3792 861 3848 Dei
874 3797 957 3849 homi·
1010 3803 1084 3851 rant.

161 3876 221 3915 rtem
232 3860 264 3916 de
274 3860 360 3917 ilario
370 3866 521 3934 suscepisse,
534 3880 661 3934 perquem
673 3880 821 3936 compassus
830 3865 956 3931 est‚duos
1059 3883 1072 3919 e
1102 3864 1186 3920 Abest
1200 3880 1252 3918 nou
1267 3879 1281 3916 a
1296 3861 1456 3934 quibusdam
1472 3877 1538 3919 mss.
1550 3862 1631 3919 maie.

161 3932 189 3987 in
204 3931 315 3988 Christo
325 3937 486 3998 asseruisse,
500 3951 616 4007 qnorum
631 3945 779 3993 unusesset
794 3937 954 4007 suscipiens,
1045 3868 1056 4007 ff
1074 3942 1083 4006 ι
1102 3938 1231 3991 Erasmus
1243 3943 1336 3989 morrei
1349 3947 1378 3989 se
1394 3935 1421 3989 in
1434 3937 1587 3990 recentiore
1601 3934 1717 4005 quodam
1732 3933 1808 3990 codi-

162 4003 234 4059 alter
261 4016 425 4076 susceptus,
445 4017 559 4075 intestine
587 4023 653 4064 iero
674 4006 820 4078 passibilis.
845 4007 912 4063 liam
934 4010 959 4064 si
1010 4022 1042 4064 ee
1057 4009 1193 4078 reperisse
1205 4004 1250 4061 bie
1262 4002 1456 4059 addituchro
1468 4005 1700 4074 prudentiaoertrir
1712 4022 1809 4077 sapen·

162 4073 297 4131 dixissent
314 4094 358 4147 per
382 4094 455 4149 quein
474 4095 565 4148 passus
591 4090 645 4146 sit;
666 4087 827 4148 sequeretur
856 4089 958 4134 tantuin
1011 4078 1076 4145 dite,
1089 4079 1152 4150 guid
1163 4079 1224 4131 aba
1243 4075 1410 4132 sanctissimis
1422 4077 1483 4132 uiris
1502 4092 1617 4147 poscere,
1636 4086 1732 4133 etcum
1744 4078 1811 4134 hona

161 4144 300 4202 Christum
322 4162 429 4218 passum
444 4165 505 4205 esse
518 4149 665 4205 secundum
680 4158 803 4205 naturam
825 4149 959 4206 hominis:
1011 4154 1085 4206 renio
1098 4148 1205 4204 audiant
1218 4148 1360 4214 dicentemg
1371 4156 1395 4203 et
1412 4164 1446 4202 nn
1461 4147 1575 4217 eiusdem
1597 4147 1629 4202 sit
1650 4146 1764 4212 oduhri,
1787 4160 1811 4202 ct

162 4225 191 4272 at
204 4231 266 4272 erim
279 4221 401 4275 scribunt
412 4237 457 4287 pei
470 4238 544 4292 pacm
554 4237 703 4292 eompassus
714 4231 761 4291 est,
775 4223 898 4289 passione
912 4222 961 4278 ho-
1012 4223 1163 4295 oly’urpitre.
1179 4218 1237 4274 lior
1255 4220 1314 4273 ideo
1333 4220 1370 4273 ita
1396 4218 1493 4274 dictum
1512 4227 1559 4281 est,
1580 4220 1642 4290 puio
1652 4236 1693 4284 en,
1705 4232 1763 4289 puis
1777 4214 1812 4272 nil

163 4288 246 4344 initiis
262 4301 385 4347 naturam
400 4292 480 4347 Verbi
495 4293 620 4348 similiter
633 4293 704 4349 allici
715 4293 876 4365 signiiicant.
1012 4311 1125 4367 presens
1136 4293 1213 4347 tacito
1249 4289 1281 4345 ob
1304 4290 1343 4345 itis
1358 4292 1474 4363 fuissent,
1499 4306 1570 4344 mam
1583 4292 1743 4359 proditurus,
1760 4307 1811 4345 nori

210 4362 238 4428 a)
258 4361 360 4419 Omissa
376 4378 442 4419 mss.
455 4365 483 4419 iii
498 4364 659 4419 houtoasiori.
779 4386 783 4393 “
1014 4377 1099 4420 romeu
1111 4364 1193 4420 initis
1204 4376 1262 4434 pite
1275 4360 1683 4433 pormrtiampnnmessnsnliillo
1695 4362 1812 4433 desnuii,

210 4432 236 4503 ι)
255 4431 383 4492 Nonnulli
396 4450 463 4493 nes.
477 4452 538 4491 cuin
552 4437 670 4503 aiensis,
687 4437 826 4491 homousii.
850 4436 962 4492 Rectius
1014 4437 1114 4492 ιιιιινιι
1134 4435 1298 4491 enlnuiuiori.
1314 4431 1421 4487 lirasmi
1438 4442 1529 4488 notam
1543 4446 1577 4485 ae
1594 4432 1677 4487 rerba
1699 4435 1814 4490 retinnit

164 4500 253 4570 coto..
263 4503 359 4571 corb„
372 4506 484 4571 Protei,
499 4506 821 4573 Faur.,etc.,ltomoeusii'.
833 4508 881 4563 llic
891 4508 962 4564 redit
1014 4508 1135 4573 lliraeus,
1151 4504 1247 4577 quinia
1262 4504 1436 4571 sequentibus
1457 4502 1525 4559 edit.
1539 4516 1653 4572 prorsus
1666 4518 1812 4574 suppressa

165 4572 284 4630 Hilarius
305 4578 338 4632 ad
358 4577 386 4634 id
407 4579 478 4648 qnod
495 4579 552 4648 jam
578 4578 711 4635 deliberat
731 4579 834 4646 dicem,
852 4579 885 4633 lit
903 4579 962 4648 ipso
975 4619 1000 4679 D
1014 4589 1087 4635 sunt.
1113 4579 1164 4648 Qui
1188 4584 1278 4632 antem
1296 4572 1485 4644 llemiglanum
1508 4573 1630 4656 ceruicem
1650 4582 1713 4654 pute
1726 4588 1813 4629 unitos

163 4645 211 4699 iila
224 4663 294 4701 uene
311 4666 423 4718 proessus
442 4650 595 4718 miscriptio
618 4666 669 4704 nou
682 4658 750 4706 caret
764 4650 896 4722 [abitare.-
912 4653 961 4705 lto·
1012 4650 1067 4707 tub
1092 4649 1189 4721 pinxit,
1205 4648 1299 4704 eadem
1318 4644 1350 4701 sd
1367 4648 1515 4714 marginem
1528 4652 1682 4712 exscripsit,
1698 4657 1813 4711 prinmo·

164 4717 271 4774 inoeusii
284 4728 386 4787 suman,
397 4736 449 4778 non
465 4721 598 4776 linuiunsii
614 4721 775 4791 professioni
790 4721 962 4778 subscribere
1014 4738 1081 4778 inens
1096 4736 1128 4777 ea
1142 4724 1170 4776 iu
1184 4719 1338 4792 quibusdum
1355 4716 1543 4787 exemplaribus
1571 4712 1677 4769 haberi.
1700 4713 1816 4797 Erstant

164 4790 250 4844 coacti
271 4799 345 4846 scint.
360 4791 414 4848 Sed
436 4807 516 4863 qnam
539 4794 647 4849 ierede
662 4792 777 4850 Ursacio
795 4804 823 4849 et
849 4793 961 4848 intente
1013 4794 1041 4848 in
1064 4793 1217 4849 recentiore
1236 4788 1359 4845 (inruet
1369 4789 1437 4844 l'eli.
1450 4788 1485 4842 nd
1503 4793 1580 4844 oram
1593 4784 1675 4868 libris
1692 4796 1720 4840 at
1734 4801 1765 4869 iri
1774 4786 1814 4840 al-

163 4858 347 4916 subsideratns
377 4864 708 4932 sit,eosuonexanimo
723 4864 963 4921 homoeusiunsus·
1013 4872 1073 4920 tero
1091 4871 1174 4920 ιὲιιιιι.
1195 4870 1259 4916 ante
1281 4859 1434 4917 annnsiibl)
1456 4859 1556 4930 scripto
1578 4865 1607 4941 et
1629 4856 1709 4940 bineli.
1729 4867 1811 4914 etiarn

165 4935 282 5003 cepisse,
305 4936 382 4993 testis
400 4947 443 4993 est
469 4935 622 4993 Gerntinins
644 4935 807 5009 Fragmenta
822 4953 868 5001 ii,
884 4951 912 4989 n.
927 4936 962 4989 3:
1014 4937 1042 4990 in
1057 4936 1116 5005 ipso
1129 4945 1214 4991 tertii.
1231 4933 1279 4988 llis
1295 4941 1395 5003 quarto
1408 4946 1439 4989 se
1464 4937 1562 5001 purgat
1576 4928 1812 5013 llilsrins,·osten·

166 5002 252 5060 iiiror
275 5018 371 5075 autem,
388 5010 473 5080 inquii
487 5008 644 5064 iitiniiuatim
667 5009 701 5063 de
717 5007 840 5073 Valente,
854 5006 963 5075 preitic-
1013 5005 1108 5076 diique
1121 5021 1152 5062 se
1165 5020 1216 5062 tion
1228 5004 1388 5059 adiilstionis
1399 5004 1472 5069 uitio,
1487 5002 1534 5057 sed
1550 4999 1682 5056 charitate
1693 4999 1813 5081 dictante

166 5086 219 5131 tum
239 5074 370 5135 Veientem
383 5092 426 5136 ortt
439 5082 545 5136 oblitum
558 5095 621 5141 esse,
635 5088 756 5133 nitteeile
767 5078 874 5133 subdole
886 5077 963 5131 ulissi-
1014 5079 1165 5133 orientales
1191 5076 1364 5130 sanctissimos
1386 5074 1453 5128 uiros
1478 5072 1630 5141 appellasse
1654 5088 1661 5124 ι
1681 5083 1735 5139 niro
1749 5071 1811 5126 seii.

165 5150 265 5204 anulare
277 5152 346 5223 pund
357 5152 383 5206 in
398 5151 554 5222 preteritum
564 5159 661 5223 pestana
669 5151 712 5217 sit,
727 5159 792 5214 etc,
800 5147 904 5219 quoinde
917 5145 964 5202 ii·
1017 5149 1159 5219 prodesset
1171 5146 1314 5212 correctio,
1328 5160 1407 5214 quain
1418 5144 1458 5199 eis
1468 5142 1641 5199 adhibiturus
1653 5149 1722 5198 ertit.

166 5220 232 5275 lium
244 5223 357 5276 sintiiem
369 5222 444 5279 Patri
456 5239 501 5294 per
525 5221 611 5276 oninin
630 5237 685 5275 esse
708 5236 785 5273 nituit
798 5229 883 5274 nortia
904 5219 964 5273 sub-
1052 5218 1090 5289 (p)
1106 5218 1134 5272 ln
1151 5226 1256 5272 uetusto
1275 5216 1369 5271 eodtce
1382 5212 1459 5270 Geth.
1474 5222 1503 5269 ct
1516 5213 1608 5269 Germ.
1629 5210 1757 5266 Noatrus.
1774 5213 1817 5294 ᾼιι

165 5292 326 5359 scripsiums.
345 5294 448 5365 Quippe
461 5290 575 5352 inlidito,
589 5298 705 5346 utiiotat
717 5293 855 5357 Socrates,
869 5292 917 5349 lib.
933 5306 964 5356 ii,
1017 5290 1130 5345 Paulum
1151 5289 1191 5342 sie
1204 5296 1282 5342 inient
1305 5286 1422 5340 llilarius
1441 5300 1457 5339 a
1482 5285 1578 5352 Noeto,
1601 5283 1818 5365 cujustlierssim

166 5376 227 5433 cap.
242 5360 295 5419 tt:
312 5363 421 5436 Semper
437 5364 471 5419 ad
481 5378 568 5418 eorum
581 5372 666 5434 portes
679 5362 832 5429 transiliant,
848 5365 891 5433 gui
906 5360 965 5433 plns
1017 5358 1135 5428 putidam
1158 5359 1239 5413 niodo
1258 5356 1440 5412 instaurarit?
1455 5355 1619 5426 Epiphanius
1642 5369 1716 5437 enim
1737 5352 1820 5408 tradit

167 5450 242 5503 porse
255 5435 412 5490 ederentur.
876 5488 881 5493 ,
1018 5432 1086 5488 limi.
1107 5442 1170 5495 ιιι,
1185 5444 1212 5484 n.
1236 5429 1262 5489 l,
1279 5426 1392 5483 Panium
1412 5429 1552 5499 opinatum
1568 5440 1639 5495 esse,
1664 5424 1748 5496 pilium
1768 5422 1821 5480 net

205 5506 243 5577 (ι)
255 5504 288 5562 lit
302 5519 366 5575 pote
385 5506 431 5577 qui
442 5520 512 5561 annu
524 5503 578 5562 535
592 5503 675 5577 'lycio
688 5500 869 5559 conciliabulo
880 5505 964 5559 inter·
1019 5502 1208 5559 suidsientium
1221 5498 1314 5554 holere
1328 5515 1374 5568 per
1388 5514 1441 5554 sese
1452 5498 1561 5563 nullom,
1584 5498 1630 5581 sed
1649 5497 1676 5550 iri
1691 5494 1747 5550 Deo
1759 5496 1821 5550 sub·

166 5574 285 5643 lucrant,
298 5588 327 5633 et
335 5578 434 5634 abhinc
445 5577 538 5648 perii>
548 5590 633 5632 aiinos
645 5574 793 5631 innumeris
805 5591 888 5644 prope
902 5590 967 5632 con·
1020 5575 1112 5630 nitere
1126 5589 1135 5628 :
1148 5575 1175 5627 id
1188 5570 1258 5644 guod
1280 5570 1395 5627 Sabellio
1414 5585 1513 5640 quoqne
1526 5570 1635 5643 placuit,
1657 5565 1771 5634 Nouato,
1793 5574 1819 5623 st

171 5646 311 5715 rentibus,
324 5650 351 5705 in
364 5650 462 5719 quibos
475 5648 612 5705 solemnes
634 5655 713 5704 erant
727 5646 762 5702 de
771 5646 908 5718 predictis
918 5662 967 5703 ro-
1021 5645 1117 5701 Noeto,
1493 5712 1499 5724 ⁸
1616 5711 1622 5721 Ι

172 5718 249 5774 cibus
263 5722 466 5777 coittroieisiae.
1059 5714 1100 5789 (i)
1113 5716 1306 5787 Argumentum
1320 5730 1335 5771 a
1351 5713 1424 5770 ineis
1438 5718 1556 5769 nosimte
1569 5719 1682 5782 petitum
1697 5708 1819 5764 Athana·

211 5789 253 5866 id)
272 5790 345 5856 sniis
362 5792 505 5855 ιιΙιιῐιιιιι
519 5788 737 5867 madeniensis
757 5788 871 5851 minari
892 5788 967 5848 litte·
1021 5788 1145 5853 sitis,0r.
1156 5801 1255 5860 u,pag.
1268 5781 1822 5857 aflaitoti,einpiphaniasareesrrin,
