4209 6250
304 275 359 350 εει

902 278 1025 345 suncti
1043 283 1176 345 tttttittt
1198 283 1354 345 episcopt

1906 287 1962 348 368

303 416 407 466 metum
421 405 537 462 bootino
552 402 664 461 haeresis
684 400 835 470 adscribit;
854 418 898 460 rcs
914 402 988 474 ipsas
1008 413 1039 460 ut
1050 419 1098 475 go·
1112 405 1140 466 A
1152 402 1331 459 discindentis
1342 401 1381 476 (d)
1391 400 1472 474 gladii
1481 399 1642 474 uestigium
1658 398 1684 456 in
1699 398 1964 475 ipsatruncicorpo-

303 511 354 556 stae
377 507 443 555 sunt
465 497 648 554 cttuleramus.
666 496 842 567 Nequeenim
858 495 916 551 fieri
941 502 1049 567 potest,
1075 505 1104 551 ut

303 591 388 647 timor
401 590 460 662 ejus
481 589 651 661 significetur
671 588 697 644 in
711 587 818 655 uerbis,
832 587 910 660 cujus
926 587 1022 645 inducia
1038 602 1104 644 con·

303 682 421 738 lineatur
432 682 458 736 iu
471 679 560 737 lactis:

338 777 382 830 et.
397 776 437 829 An
451 784 533 831 metor
546 773 680 831 Passionis
691 775 719 830 lu
731 771 844 831 Cltrislo.
854 773 1030 831 -Titouisse
1044 773 1102 841 tibi,

302 868 481 934 edormire,
496 867 626 924 Dominus
637 867 731 940 gloriae
743 866 898 940 passionem
913 866 1039 924 ridetur?
1050 866 1103 923 Sed

303 965 329 1023 ei
344 965 379 1021 ob
393 964 552 1035 iguontntiae
568 963 649 1034 hujus
664 979 786 1021 errorem
801 974 828 1020 et
841 972 949 1019 ειιιιιιιιε
968 961 1065 1018 Petrus
1077 970 1106 1018 et

299 1058 458 1115 scandulum
471 1068 511 1114 est
526 1058 536 1131 (
549 1056 643 1113 lintri.
658 1073 718 1119 rut.
732 1056 769 1112 25
779 1057 801 1128 l.
821 1055 857 1111 Et
871 1055 918 1112 ille
931 1055 1040 1128 quidem
1057 1070 1105 1127 per

302 1151 463 1209 charitatem
482 1148 601 1219 Christi,
625 1164 705 1222 quem
727 1149 752 1206 ei
773 1163 826 1205 uon
847 1162 911 1204 caro
931 1162 1019 1219 neque
1042 1162 1106 1203 san·

302 1244 382 1315 guis,
395 1240 442 1299 scd
454 1241 535 1298 Pater
547 1240 592 1313 qui
607 1242 633 1297 iu
646 1241 724 1299 emtis
735 1250 777 1297 est
788 1240 974 1308 revelaverat,
987 1238 1107 1295 detesta-

304 1344 349 1392 tus
364 1335 496 1407 passionis
509 1345 725 1402 sacramentum,
744 1334 789 1389 tali
805 1333 958 1391 seueritatis
971 1333 1105 1389 sententia

304 1431 480 1486 eoullrmatus
499 1429 533 1485 ad
549 1429 628 1485 iidem
644 1437 696 1485 est.
715 1428 756 1485 Tu
777 1428 840 1496 quid
860 1428 1010 1485 sectaberis
1029 1427 1105 1499 spei,

304 1523 443 1581 christum
459 1524 543 1579 ileum
560 1522 697 1596 negando,
714 1532 741 1579 et
754 1530 855 1579 metum
870 1523 896 1578 ci
912 1521 1045 1594 passionis
1059 1521 1108 1576 ad-

303 1619 410 1677 dondot
431 1620 509 1675 butte
529 1618 634 1687 timuit,
655 1617 699 1689 qui
720 1616 830 1674 armatis
851 1616 884 1672 ad
905 1615 1106 1688 corripiendum

302 1727 334 1769 se
348 1710 444 1767 obuius
458 1711 560 1783 prodiit
574 1708 665 1781 (loon.
679 1723 760 1777 xuttr,
775 1709 820 1781 dli
835 1716 863 1765 et
878 1708 903 1763 in
920 1707 1106 1779 corporeque

1156 497 1194 554 ris
1206 498 1352 564 calumnia,
1364 495 1404 571 (δ)
1417 497 1483 552 exiit
1492 496 1563 569 quod
1576 511 1628 552 non
1643 504 1700 563 est,
1714 504 1741 551 ct
1753 498 1875 569 seqnitur
1887 497 1961 570 qnod

1155 606 1208 647 uon
1222 598 1321 660 exstat,
1333 600 1360 646 et
1372 589 1529 661 rependitur
1539 590 1573 661 (et
1586 588 1658 661 quod
1669 590 1794 645 caretur?
1805 589 1962 660 Produccnp

1157 684 1215 742 ltaee
1228 700 1293 756 ergo
1307 699 1399 740 aurern
1415 698 1521 749 manus,
1538 683 1643 740 clarum
1660 682 1757 741 dolet?
1771 693 1798 739 et
1812 685 1896 740 sentit
1909 684 1962 741 sibi

1155 776 1270 844 cutinus,
1293 777 1339 848 qui
1360 775 1439 833 alteri
1458 776 1580 832 dolorem
1595 775 1717 833 uulneris
1736 792 1789 833 nou
1810 777 1961 849 relinquit?

1156 867 1376 940 Compuugeudm
1396 868 1486 925 carnis
1498 877 1571 926 metu
1588 869 1673 925 tristis
1685 875 1742 936 est,
1757 868 1834 940 errius
1848 869 1962 926 attactui

1160 959 1224 1016 lieet
1246 975 1356 1017 carnem
1379 959 1481 1017 donare
1500 971 1562 1033 post
1581 960 1701 1018 caedem?
1717 960 1794 1028 Qrtod
1814 962 1836 1018 si
1856 961 1915 1019 hae
1933 963 1962 1019 in

1161 1053 1263 1110 ctnisti
1277 1069 1392 1125 corpore
1406 1054 1492 1110 uirtus
1506 1054 1576 1121 luit,
1592 1070 1663 1127 qua,
1680 1068 1765 1127 rogo,
1780 1055 1833 1112 sule
1849 1064 1963 1112 natura·

1158 1145 1221 1204 liter
1236 1145 1276 1220 (s)
1291 1146 1413 1203 inllrmus
1434 1146 1518 1204 luisse
1532 1147 1697 1214 detenditur,
1711 1147 1755 1204 cui
1776 1149 1898 1205 natrtrale
1912 1147 1964 1205 luit

1156 1256 1266 1298 omnnem
1282 1241 1460 1298 demanarunt
1476 1242 1662 1298 infirmitatum
1676 1240 1801 1299 inbibere
1816 1243 1962 1298 naturam?

1191 1333 1237 1390 29.
1254 1333 1295 1389 An
1307 1334 1369 1390 inde
1383 1335 1473 1390 tristis.
1488 1334 1591 1391 -Sed
1606 1335 1674 1391 lorte
1686 1333 1768 1390 stulta
1782 1342 1864 1406 atque
1878 1333 1962 1406 impia

1157 1429 1335 1500 perversitate
1354 1428 1418 1484 binc
1435 1428 1551 1485 insumis
1570 1428 1598 1484 in
1617 1443 1651 1485 co
1664 1435 1768 1484 naturae
1782 1438 1964 1500 presumetur

1156 1521 1283 1590 assertio,
1297 1523 1359 1594 quia
1376 1523 1462 1580 tristis
1475 1522 1511 1578 sit
1525 1523 1613 1578 anima
1626 1523 1684 1595 ejus
1697 1522 1829 1595 usquead
1844 1534 1962 1582 mortem

1158 1614 1266 1688 (Morti.
1283 1631 1364 1685 surr,
1379 1614 1438 1688 stt).
1453 1616 1576 1672 Nondum
1592 1625 1635 1685 te,
1649 1615 1797 1683 haeretice,
1810 1631 1859 1673 cur
1871 1617 1961 1673 virtu-

1158 1719 1211 1766 tem
1226 1710 1291 1765 dicti
1306 1726 1360 1767 non
1376 1710 1526 1783 intelligas,
1543 1726 1637 1782 arguo,
1654 1711 1766 1769 interim
1785 1719 1876 1768 tamen
1897 1728 1912 1767 a
1935 1721 1962 1770 te

301 1805 447 1862 inllrutitas
468 1804 532 1872 luit,
552 1802 585 1859 ad
606 1803 683 1874 cujus
695 1816 838 1859 oceumum
854 1809 1027 1858 consternata
1044 1815 1106 1871 pcr·
1119 1796 1144 1858 B
1157 1804 1278 1874 requiro,
1291 1818 1340 1860 cur
1351 1813 1467 1861 exeunte
1478 1804 1512 1860 nd
1527 1803 1706 1875 proditionem
1718 1803 1787 1861 luda
1800 1820 1853 1860 non
1865 1808 1963 1862 memi-

305 1898 478 1970 sequeutium
497 1897 606 1968 agmina
625 1895 819 1960 conciderunt,
840 1906 867 1952 et
880 1895 1049 1966 projestatem
1066 1895 1108 1951 in·
1161 1895 1236 1952 ueris
1250 1895 1352 1952 dictum
1367 1894 1468 1954 luisse:
1485 1896 1564 1953 Nurac
1577 1897 1763 1968 ltonoripicntus
1776 1908 1816 1955 est
1829 1900 1899 1971 tilios
1913 1899 1963 1955 lto-

303 1991 425 2065 gerentis
447 2006 478 2048 sc
500 1990 534 2047 ad
555 1991 662 2047 uincula
677 2004 731 2046 non
745 1989 863 2047 terentes
877 1988 958 2062 3142
973 1989 1106 2060 supinatis
1157 1987 1234 2041 minis
1248 1986 1340 2060 (donn.
1355 2002 1418 2053 rur,
1433 1988 1490 2061 51).
1512 1987 1541 2045 si
1554 1990 1626 2045 euim
1646 1991 1736 2061 passio
1749 1990 1961 2049 ltonoriilcatura

306 2084 467 2155 corporibus
480 2082 752 2151 recideruntionam
765 2081 845 2153 igitur
859 2082 1041 2138 infirmitatem
1058 2081 1108 2138 do·
1157 2094 1219 2137 cum
1233 2089 1308 2150 ernt;
1324 2082 1460 2154 quomodo
1474 2083 1579 2139 tristem
1593 2099 1655 2139 cum
1671 2095 1759 2141 metus
1774 2086 1908 2156 passionis
1921 2086 1962 2142 el-

303 2179 434 2234 miuatam
449 2175 488 2251 (o)
500 2175 582 2247 ltujus
596 2175 704 2246 corpori
719 2174 823 2243 erodis,
838 2173 915 2246 cujus
936 2182 1037 2231 tantam
1059 2173 1107 2229 ba·
1157 2171 1282 2229 lecerat?
1294 2173 1350 2229 Nisi
1367 2161 1437 2232 iorte
1452 2182 1506 2230 tam
1528 2175 1720 2231 irrationabilis
1740 2176 1838 2241 interit,
1857 2187 1887 2234 ut
1907 2177 1961 2249 pati

304 2269 365 2326 buit
379 2277 475 2325 natura
489 2267 637 2324 virtutem?
1158 2265 1383 2341 timueritffl,
1397 2284 1457 2340 qum
1466 2283 1496 2324 se
1508 2277 1599 2325 essent
1609 2269 1787 2342 glorificatura
1803 2272 1960 2343 patientem.

340 2362 386 2419 18.
408 2362 449 2416 dn
462 2360 569 2416 doloris.
583 2358 682 2416 -Sed
696 2358 767 2415 sorte
780 2357 904 2415 dolorem
919 2359 1059 2416 uulnerum
1073 2358 1107 2415 ti·
1193 2359 1238 2416 511.
1255 2357 1296 2413 Au
1317 2361 1422 2416 reticent
1444 2363 1581 2434 transferri
1594 2380 1609 2416 o
1623 2380 1651 2418 rc
1665 2375 1783 2433 precatur
1803 2365 1847 2420 sit.
1860 2363 1960 2423 -Seti

303 2454 381 2510 muit.
396 2453 501 2521 Quem,
517 2468 601 2525 rogo,
614 2452 783 2523 penetrantis
799 2453 826 2508 iu
841 2468 950 2508 carrtem
972 2452 1041 2509 clati
1058 2456 1108 2507 lta·
1157 2449 1227 2508 iorte
1243 2452 1363 2509 timuisse
1378 2469 1462 2525 usque
1477 2470 1512 2513 eo
1525 2455 1734 2524 existimabitur,
1750 2466 1780 2513 ut
1792 2457 1960 2516 translerria

304 2547 364 2604 buit
376 2545 418 2620 (1)
432 2545 574 2601 horrorem
589 2543 645 2618 (1),
661 2546 706 2616 qui
722 2544 820 2600 excisae
835 2545 909 2600 auris
924 2560 1034 2601 carerem
1048 2544 1108 2601 solo
1157 2566 1187 2608 se
1199 2554 1310 2609 calicem
1322 2553 1483 2624 deprecatus
1494 2554 1544 2622 sit,
1555 2553 1648 2610 dicens
1658 2573 1664 2607 :
1676 2554 1748 2610 Aila
1760 2566 1842 2625 pote,
1854 2553 1892 2630 (q)
1903 2572 1962 2628 ρο..

303 2639 424 2698 restituit
451 2647 554 2695 attactu
571 2636 647 2711 (Luc.
671 2652 743 2702 uu,
757 2638 823 2709 itti
838 2638 952 2709 Expone
966 2638 1044 2694 nobis
1060 2647 1106 2708 tu,
1163 2645 1250 2701 ridilio
1269 2645 1313 2700 tibi
1332 2647 1419 2701 ontnio
1439 2657 1517 2714 stent,
1537 2649 1649 2719 trousfcr
1668 2646 1738 2704 dane
1757 2648 1863 2703 calicem
1885 2664 1901 2703 o
1921 2663 1963 2704 nte

282 2743 284 2748 '
303 2736 448 2794 dominice
462 2733 628 2791 infirmitatis
642 2741 773 2799 assertor,
790 2730 842 2788 ltoe
857 2733 883 2786 in
899 2733 958 2804 ipso
972 2734 1107 2805 passionis
1160 2736 1259 2811 (ltere.
1275 2756 1331 2807 ιιι,
1345 2739 1403 2811 56).
1420 2739 1453 2797 Ut
1465 2740 1500 2797 de
1512 2741 1618 2797 cacteris
1630 2755 1683 2795 nou
1698 2741 1856 2807 calumnier,
1871 2756 1963 2798 nonne

226 2857 228 2861 ⁸
304 2836 428 2901 tempore
444 2827 586 2883 iullrmatm
601 2840 670 2895 opus
683 2823 784 2880 caruis.
797 2824 947 2881 Exscrcnte
964 2826 1036 2882 euim
1057 2826 1107 2882 Pe·
1160 2832 1351 2891 hebetudinem
1362 2835 1510 2904 inpietatis
1521 2844 1573 2891 tute
1583 2835 1625 2891 vel
1636 2834 1700 2891 hinc
1710 2835 1887 2908 coarguisses,
1898 2835 1964 2906 quia

305 2932 349 2977 tro
361 2931 442 2991 atque
454 2919 580 2991 adigente
594 2918 729 2990 gladium,
748 2927 861 2974 truncus
873 2933 938 2974 anre
952 2933 1047 2975 sertus
1061 2935 1106 2976 sa·
1158 2924 1280 3000 legeras:
1301 2927 1423 2982 llecoude
1441 2927 1557 3000 gladium
1575 2937 1646 2983 turem
1665 2929 1692 2983 in
1707 2927 1823 2984 tlrecom:
1836 2926 1962 2996 calicem,

305 3013 424 3070 cerdotis
436 3010 570 3067 adstabat.
585 3009 728 3079 Quomodo
745 3007 785 3081 (1)
804 3025 838 3065 ex
858 3008 957 3065 decisae
978 3007 1014 3084 (c)
1033 3012 1107 3069 auris
1157 3037 1232 3091 tpoem
1247 3021 1316 3076 dedit
1329 3005 1393 3076 milri
1408 3020 1496 3088 Potor,
1513 3038 1563 3078 non
1579 3022 1661 3077 bidom
1676 3021 1751 3077 illuni
1770 3019 1867 3092 (doun.
1881 3035 1963 3088 rrttt,

305 3104 440 3173 vulnere,
461 3102 637 3175 contingente
658 3099 785 3171 Christo,
806 3100 929 3159 restituta
950 3116 1014 3158 caro
1033 3104 1106 3162 auris
1159 3111 1463 3187 tt)?Qu0m0dqeqtm
1478 3129 1529 3185 per
1541 3114 1660 3186 patierint
1677 3122 1777 3171 metum
1794 3111 1965 3171 transienda

306 3197 368 3255 ⁶2⁸²?
381 3192 460 3253 Unde
479 3194 551 3250 5⁰¹0?
576 3192 704 3251 fl¹¹0¹¹¹⁰m
725 3193 882 3265 831111]ῑῦ1ῐῦ
910 3204 938 3250 θῑ
964 3205 1025 3266 103ι
1052 3196 1109 3269 ipsa
1123 3188 1146 3251 C
1162 3220 1192 3263 sc
1207 3206 1246 3281 (ir)
1257 3207 1461 3279 deprecaretur,
1475 3207 1547 3280 quod
1560 3223 1610 3280 per
1622 3206 1832 3280 dispensationis
1844 3206 1964 3266 studium

341 3314 366 3381 tt
398 3309 573 3368 tonsorentur
588 3324 640 3367 uns.
655 3310 756 3368 Veron.

342 3385 372 3460 (1
392 3382 917 3455 ΕεεὶιιιΡιιιῐοροε1,ι1εειιιιάιιιιὶε,ιιοιι
928 3381 1106 3443 discindentis.
1196 3322 1240 3397 m
1251 3323 1323 3381 Em
1339 3324 1457 3394 Demde’
1474 3341 1525 3397 ΨΜ
1539 3333 1653 3383 ΨΜ·

341 3503 379 3589 (ιι)
397 3501 485 3567 Editi,
500 3501 578 3575 trojus
592 3498 717 3571 corporis.
730 3494 789 3552 Non
804 3506 883 3569 negat
897 3496 1042 3565 incidisse,
1057 3501 1104 3558 sed
1158 3504 1248 3559 roliter
1262 3504 1416 3573 infirmum,
1431 3521 1492 3562 eum
1507 3504 1631 3562 inllrmus
1646 3505 1682 3562 sit
1696 3513 1798 3562 tantum
1814 3512 1844 3562 ut
1864 3503 1964 3573 bomo,

307 3579 466 3635 domtnntnm
478 3570 590 3628 osselle
604 3571 662 3639 ipsa
671 3576 771 3625 nostran
784 3568 956 3625 infirmitates
970 3573 996 3625 in
1012 3570 1107 3628 Cirris-

309 3661 366 3706 tum
378 3648 414 3702 ita
429 3643 597 3709 inciderunt,
610 3650 639 3696 ut
652 3656 744 3696 earum
757 3639 1000 3710 semperdomiuus
1013 3643 1106 3699 luerit,

346 3717 384 3793 (l)
398 3715 514 3781 liciensi,
530 3725 671 3770 toronen:
684 3712 850 3783 castigantur
864 3728 898 3768 ex
912 3714 1107 3772 vetustioribus

308 3806 376 3849 mss.

344 3861 381 3932 (ci
396 3860 425 3917 lu
441 3857 563 3928 pluribus
576 3870 661 3922 mss,
675 3855 848 3910 cacisoeortria
861 3855 961 3911 uulnus.

347 3931 388 4016 ((1)
400 3929 474 3989 Pieri
496 3944 529 3985 ue
543 3943 608 3982 mss.
624 3942 685 3982 cum
701 3927 827 3995 vulgatis,
843 3926 1030 3983 descendentis.
1047 3927 1110 3983 Tel·

309 4005 429 4062 terrenus
443 3947 544 4065 coges,
561 3997 742 4053 discendendo.
764 3998 848 4067 llagis
866 3999 956 4069 placet
976 4014 1037 4055 eum
1053 4000 1109 4056 ile·

311 4075 449 4145 migiauo,
469 4070 646 4126 discindentis.
669 4068 788 4133 Deitrde,
808 4070 837 4123 iu
868 4074 924 4140 ipsu
944 4071 1029 4124 trunci
1048 4087 1109 4124 cor-

312 4147 384 4216 poris
397 4143 538 4208 columnia,
550 4139 602 4196 boc
612 4150 672 4206 est,
688 4155 721 4196 eo
734 4141 793 4209 ipso
805 4150 943 4195 momento
955 4156 1009 4211 qno
1020 4141 1110 4198 ablata

312 4232 380 4273 aure
395 4226 518 4271 truncum
533 4210 632 4267 lactum
646 4218 688 4266 est
699 4225 808 4279 corpus.
822 4208 966 4266 Columniae
977 4214 1111 4268 vocabulo

312 4305 327 4343 a
348 4286 384 4343 ud
397 4296 521 4340 artctores
533 4281 629 4337 medie
642 4291 687 4336 ant
700 4281 800 4336 induite
813 4281 954 4338 latinitatis
965 4283 1111 4353 aliquando

314 4356 481 4429 stguillcatnr
495 4355 583 4419 actio,
596 4367 650 4423 qua
668 4353 729 4423 quis
751 4367 801 4422 per
817 4352 885 4424 juris
903 4352 1033 4408 formulas
1053 4370 1111 4410 reru

314 4427 470 4499 quampiam
482 4424 590 4481 auterre
603 4423 757 4483 contendit:
773 4423 917 4492 aliquando
929 4434 1018 4481 autent
1031 4440 1112 4495 poena

315 4500 358 4557 rel
373 4499 473 4565 murita,
489 4511 541 4568 qua
555 4495 698 4551 damnatur
712 4493 758 4566 qui
772 4495 905 4551 actionem
919 4495 1022 4565 injuste
1036 4498 1114 4552 insti·

314 4573 376 4627 tuit.
398 4570 487 4626 Prima
505 4567 611 4623 ratione
629 4566 789 4637 intelligitur
809 4565 836 4620 in
857 4565 1111 4632 centemnunt.

317 4645 370 4708 t3;
385 4656 457 4696 nuuc
471 4655 537 4695 xero
552 4653 600 4709 pro
613 4651 693 4710 prena
708 4636 868 4705 simpliciter
880 4650 1043 4706 usurpatur:
1060 4639 1111 4694 uisi

318 4715 380 4785 quis
392 4711 469 4767 utalit
481 4725 541 4767 eam
557 4711 649 4763 rocari
662 4708 762 4777 justam
775 4721 883 4777 poenam
898 4706 997 4764 curisti
1013 4708 1112 4779 injuste

316 4793 344 4841 ct
416 4782 577 4838 calumniam
594 4777 718 4846 impetiti.

367 4853 392 4928 e)
406 4852 477 4910 Editi
489 4892 498 4920 ,
512 4867 562 4923 quo
577 4859 697 4905 caretur:
718 4849 898 4907 renitentibus
918 4848 1117 4922 antiquioribus

316 4942 383 4983 mss.

356 5004 392 5078 ((1
412 5003 524 5060 Fatetur
536 4999 653 5056 Hilarius
674 4999 741 5054 inira
761 5015 790 5053 u.
812 4998 861 5063 tt,
881 4998 1036 5062 Cirristom,
1057 5017 1116 5056 cont

319 5093 354 5133 ex
367 5078 557 5146 dispensatione
583 5071 658 5127 trono
677 5081 761 5136 esset,
782 5081 895 5125 mmteret
914 5080 999 5126 tomen
1017 5089 1049 5128 cx
1068 5090 1116 5130 ιιι·

318 5164 390 5205 runt
407 5146 475 5202 licus
488 5186 496 5210 ,
511 5145 643 5211 enntdem,
666 5158 698 5197 ec
716 5142 865 5210 infirmitate
886 5143 1057 5212 crucifixum,
1072 5146 1116 5214 qui

319 5237 353 5276 ee
366 5233 481 5275 tunrurn
493 5214 541 5271 Dei
554 5216 663 5269 clueat:
675 5221 703 5267 ot
716 5226 775 5268 eunt
790 5213 927 5337 irlqirmitor
943 5226 1007 5270 esset
1020 5232 1053 5270 ee
1064 5219 1119 5289 for·

319 5307 362 5345 nto
375 5291 458 5352 serni,
474 5297 498 5344 et
510 5303 615 5344 nxrttnx
629 5296 741 5339 moeret
755 5301 787 5340 es
828 5285 850 5337 ei
870 5289 972 5356 [ortrro;
992 5303 1044 5342 oon
1062 5304 1119 5343 om-

320 5363 426 5434 biquunt
440 5369 504 5417 estet
516 5361 543 5414 in
556 5375 607 5429 quo
621 5365 779 5412 somnolento
793 5367 816 5410 et
831 5373 923 5425 porrus
942 5368 1025 5425 caret,
1041 5370 1065 5413 et
1081 5360 1118 5413 oi·

320 5442 407 5488 neret:
427 5440 453 5485 td
471 5447 532 5485 cum
548 5430 574 5483 in
596 5429 683 5484 eodem
702 5438 802 5483 essolet
816 5426 953 5497 infirmiter
967 5427 1002 5481 od
1016 5430 1118 5497 possie-

319 5521 394 5565 nem.
410 5513 433 5558 ct
447 5501 482 5556 nd
495 5503 574 5557 citum
587 5500 634 5555 liei
648 5514 764 5562 uterus:
781 5515 833 5553 non
853 5498 921 5553 olins
938 5514 969 5552 ue
988 5498 1117 5555 dinirnao

317 5593 345 5631 re
359 5585 421 5631 erret
432 5613 440 5637 ,
453 5575 497 5643 qui
510 5582 536 5629 et
550 5582 687 5642 peterem,
703 5582 727 5625 et
742 5572 844 5625 ciceret.
860 5569 919 5635 Quo
932 5585 966 5625 ex
982 5570 1042 5626 loco
1055 5571 1116 5626 ett-

319 5647 404 5702 eitur:
419 5645 447 5700 l⁰
460 5643 587 5700 uirtutem
599 5659 661 5714 quae
674 5644 700 5696 in
713 5640 814 5698 Christi
827 5655 942 5710 corpore
956 5640 1021 5708 luit,
1036 5642 1116 5698 intel·

320 5714 454 5787 ligendam
469 5728 529 5770 esse
542 5713 727 5779 diuinitatem,
743 5710 882 5783 quodiam
896 5726 976 5783 supra
990 5728 1065 5768 num.
1078 5713 1115 5770 25

319 5786 490 5844 obseruatum
506 5792 564 5850 est;
583 5781 613 5837 1·
625 5779 762 5839 Christum
776 5792 851 5840 recte
865 5782 956 5853 negmi
976 5780 1021 5841 bic
1035 5794 1112 5840 noto·

1160 3591 1194 3632 tte
1215 3593 1248 3632 ue
1261 3576 1362 3633 llilario
1374 3593 1407 3633 ex
1420 3587 1515 3633 natura
1529 3578 1564 3632 sit
1578 3578 1670 3645 borno,
1685 3578 1732 3633 scd
1742 3579 1824 3646 Deus,
1835 3579 1872 3632 uti
1883 3578 1964 3632 etiarn

1160 3664 1188 3701 rt.
1244 3650 1450 3713 annotavimus3
1463 3648 1492 3705 5·
1505 3665 1557 3702 uon
1567 3646 1669 3704 Cltristi
1679 3651 1802 3719 corpori,
1815 3649 1863 3705 sed
1876 3648 1965 3705 verbe

1160 3717 1188 3773 in
1199 3733 1314 3788 corpore
1325 3723 1442 3776 manenti
1454 3720 1498 3775 bic
1506 3719 1622 3776 adscribi
1635 3723 1785 3778 natumlent
1795 3721 1964 3778 edendorum

1161 3788 1354 3847 miraculorum
1365 3791 1509 3858 uirtutem,
1526 3791 1597 3847 uude
1611 3791 1787 3848 confirmatur
1800 3790 1872 3863 quod
1887 3808 1916 3847 n.
1928 3791 1966 3847 15

1162 3863 1303 3932 probatum
1316 3871 1374 3930 est;
1385 3863 1414 3918 l⁰
1423 3860 1560 3918 Christum
1573 3863 1732 3921 naturaliter
1740 3872 1768 3921 ct
1777 3879 1811 3920 cx
1822 3862 1907 3917 lorma
1917 3861 1966 3919 nei

1162 3933 1299 3988 iolirmum
1312 3949 1365 3989 uon
1377 3933 1414 3989 ita
1425 3933 1469 3989 iric
1479 3935 1513 3989 alr
1525 3933 1627 3990 llilario
1638 3936 1742 4004 tregam,
1754 3939 1800 4005 qui
1811 3950 1845 3990 ex
1856 3935 1967 4005 dispen-

1163 4004 1269 4061 satione
1281 4016 1306 4060 et
1320 4020 1353 4060 es
1367 4004 1452 4060 lorma
1463 4006 1534 4060 serui
1546 4004 1671 4061 eumdem
1684 4006 1821 4062 intirmum
1833 4015 1861 4062 et
1872 4005 1968 4061 credat

1164 4085 1191 4129 et
1204 4076 1342 4145 predicet.
1357 4075 1412 4132 Nee
1426 4091 1537 4132 morere
1550 4076 1630 4132 debet
1642 4076 1715 4145 quod
1729 4078 1767 4132 ait
1780 4092 1880 4146 supra,
1895 4075 1966 4131 Pro·

1164 4145 1260 4202 ducens
1275 4148 1330 4202 lroec
1344 4163 1405 4220 erqo
1417 4164 1506 4203 aurun
1518 4164 1611 4204 omaus
1624 4149 1725 4204 ctomnr
1737 4149 1828 4205 dolet?
1839 4147 1968 4216 Figurate

1164 4218 1237 4272 enim
1258 4235 1350 4274 monor
1370 4218 1485 4275 sumitur
1504 4234 1554 4291 pro
1574 4219 1665 4276 Verbo
1688 4220 1765 4293 eujus
1787 4231 1829 4277 est
1849 4235 1966 4285 manus,

1165 4290 1241 4357 quasi
1255 4290 1402 4354 diceretur.
1417 4289 1460 4346 Au
1474 4306 1508 4347 ex
1522 4306 1604 4348 manu
1622 4291 1685 4347 lmsa
1700 4291 1793 4361 dolet,
1809 4293 1855 4364 qui
1870 4294 1967 4348 eadem

1165 4374 1247 4416 manu
1261 4362 1380 4419 excisam
1395 4377 1489 4419 aurem
1503 4362 1648 4419 restituere
1662 4363 1766 4433 potuit?

1201 4456 1240 4533 (g)
1260 4460 1336 4519 Unus
1356 4462 1441 4518 codex
1459 4462 1577 4519 Sorbon.
1599 4471 1627 4519 et
1645 4464 1716 4520 alter
1734 4460 1811 4520 Colb.
1826 4464 1849 4520 si
1863 4465 1968 4531 nmmo,

1165 4539 1218 4587 cle.
1233 4530 1421 4601 Carnuteusis,
1434 4534 1457 4588 si
1471 4534 1591 4602 porritite
1602 4544 1649 4595 ert.
1665 4539 1853 4606 transferente
1861 4538 1970 4592 euticem

1165 4602 1254 4657 irtunr.
1272 4605 1309 4659 De
1323 4603 1417 4659 iisdem
1433 4603 1523 4659 uerbis
1542 4605 1672 4662 aduersus
1692 4606 1808 4663 Arianos
1827 4606 1970 4678 disputans

1125 4659 1374 4746 DCbrysostomus
1387 4674 1421 4731 ’1.
1435 4691 1463 4739 t,
1477 4674 1573 4732 homil.
1588 4677 1624 4733 51
1638 4677 1691 4732 ait:
1708 4676 1756 4732 ltti
1776 4678 1878 4744 quidem
1899 4678 1970 4733 dini·

1170 4745 1258 4800 nitatis
1277 4747 1419 4801 orationem
1440 4763 1493 4801 erre
1512 4747 1616 4803 dierunt:
1631 4764 1678 4803 nos
1692 4756 1776 4804 otttcm
1789 4765 1845 4805 esre
1857 4750 1970 4806 dicimus

1170 4815 1379 4884 dirpettrotionir.
1400 4816 1468 4872 Turn
1490 4819 1587 4887 probat
1605 4817 1742 4875 Claristum
1762 4820 1883 4877 noluisse
1902 4836 1917 4876 a
1938 4835 1969 4877 se

1170 4887 1281 4942 calicem
1298 4886 1454 4955 trrrtrslerri,
1471 4903 1549 4959 quem
1565 4897 1640 4945 tartto
1660 4891 1748 4948 studio
1767 4893 1918 4961 exoptant,
1939 4900 1972 4947 ut

1170 4955 1279 5014 Petrum
1294 4973 1356 5014 eunt
1371 4974 1386 5015 a
1401 4973 1431 5015 se
1452 4961 1643 5030 deprecantem
1664 4973 1785 5019 satanam
1807 4963 1968 5033 appellarit3

1171 5044 1258 5100 neque
1269 5030 1398 5087 incertam
1409 5030 1461 5102 ipsi
1472 5032 1553 5089 luisse
1564 5033 1652 5089 Patris
1661 5050 1692 5090 ea
1704 5034 1738 5091 de
1748 5050 1779 5090 re
1788 5036 1969 5102 uoluntatem,

1169 5116 1229 5174 qum
1245 5102 1384 5174 propinetis
1399 5106 1480 5159 etiam
1495 5103 1576 5176 louge
1590 5116 1652 5161 aute
1667 5106 1834 5179 praecognita
1849 5105 1950 5163 luerat.

1205 5216 1246 5291 (1)
1261 5219 1288 5277 lu
1305 5235 1357 5275 ms.
1374 5218 1460 5277 vatic.
1480 5220 1538 5276 bas.
1558 5229 1588 5277 et
1605 5220 1665 5277 aliis
1684 5222 1841 5291 nonnullis,
1861 5223 1970 5279 reticeat

1170 5288 1371 5356 deprecaretur:
1390 5290 1535 5361 glossema.
1559 5294 1620 5349 Mox
1642 5294 1669 5347 in
1690 5295 1828 5365 vulgatis,
1852 5294 1967 5379 inpleri.

1169 5358 1334 5416 Conciunius
1349 5362 1375 5416 in
1391 5376 1457 5418 mss·
1471 5363 1586 5489 iquere.
1602 5362 1643 5419 nd
1661 5365 1714 5421 boc
1732 5381 1814 5435 porro
1832 5364 1971 5422 iesttrtaril

1169 5443 1277 5488 summo
1296 5432 1437 5488 enar-itatis
1453 5442 1495 5488 siu
1517 5436 1561 5502 io,
1576 5452 1635 5491 cunt
1650 5435 1678 5489 id
1690 5437 1718 5492 in
1736 5452 1764 5494 re
1777 5452 1969 5492 consummare·

1168 5510 1219 5565 tor,
1237 5502 1306 5570 qnod
1320 5503 1354 5558 ad
1369 5507 1478 5559 tolerem
1498 5515 1612 5562 nostram
1633 5511 1731 5578 perpeti
1753 5511 1809 5573 ipre
1829 5509 1967 5575 rotund,

1169 5583 1199 5626 ut
1211 5570 1325 5628 babetur
1338 5583 1417 5633 tract.
1431 5575 1503 5632 Psnt.
1517 5593 1572 5644 etv,
1586 5595 1615 5634 u.
1630 5579 1664 5635 ts
1676 5589 1702 5635 el
1717 5578 1797 5650 paulo
1807 5588 1886 5635 anm:
1901 5577 1969 5635 ctat

1168 5645 1276 5699 sulutem
1289 5648 1376 5718 generi
1390 5648 1503 5703 damone
1517 5660 1634 5721 suscepto
1648 5654 1734 5706 erucis
1746 5661 1827 5706 morte
1839 5651 1964 5718 (lowel,

1168 5731 1219 5770 nou
1235 5726 1316 5786 potest
1331 5717 1411 5774 oidni
1424 5730 1612 5777 merontentrtnr
1625 5723 1674 5778 lene
1688 5738 1789 5795 nrogncc
1806 5722 1909 5796 pietatis
1923 5737 1968 5777 aa·

1165 5802 1243 5857 quere
1257 5802 1288 5844 ac
1302 5803 1439 5847 recusare.
