4209 6250
104 263 110 268 ’
195 267 248 320 titt

792 260 895 318 ttutttt
912 260 1051 319 cubitat
1070 260 1286 323 rtuxuutultt.

1798 277 1851 337 tle

194 392 238 440 tur
254 400 261 436 :
278 380 343 435 mibi
367 388 441 435 certe
454 377 502 435 tlte
516 394 662 449 numquam
682 377 756 434 aliud
773 395 853 447 atram
869 379 993 436 diabolus
1006 384 1034 445 Λ
1046 380 1175 450 scripturn
1188 387 1229 436 est
1241 380 1267 434 in
1282 380 1429 451 Evangelio
1442 398 1449 434 :
1461 379 1528 437 Hac
1538 390 1574 438 est
1584 394 1669 439 etstan
1680 385 1850 457 tuameres,

194 475 264 542 erit,
287 472 348 544 quia
374 473 491 526 Ariattus
504 480 545 526 est
562 488 570 524 ι
585 486 672 541 neutro
689 486 740 541 prm
763 471 916 540 aliquorum
937 487 998 526 um-

193 582 274 639 quam
298 564 444 635 optabitur,
462 564 512 621 nisi
527 579 633 632 eoram,
659 566 703 635 qni
718 565 867 621 secrrndum
893 576 996 635 patrum

193 671 348 718 nostrornm
363 659 435 730 apud
447 658 565 716 Nicaeam
590 667 745 723 tractatum,
759 657 998 714 anathematizatis

193 754 570 825 transmutationem
585 768 679 811 rerum
693 751 889 825 praedicabunt
905 750 943 824 (a)

248 895 288 970 (b)
309 892 501 951 excubabat
519 889 749 950 utuseueulAE
769 888 947 947 tuxuutu.

193 1011 360 1069 Beatissimis
386 1009 634 1084 elgloriosissimis
661 1008 868 1080 imperatoribus
897 1006 996 1062 Valen-

231 1105 334 1161 tiniano
351 1114 379 1161 et
393 1102 501 1161 Vtileoti
521 1102 662 1175 httgustis,
682 1101 839 1159 Attrentius
852 1100 997 1172 episcopus

229 1200 352 1257 ecclesia
367 1199 403 1269 (a)
414 1197 556 1254 catholicae
567 1194 820 1254 llcdiolaneosinm.

229 1316 274 1370 le.
294 1313 438 1370 aasentias
453 1313 587 1368 hereticas
601 1311 757 1384 appellatas.
781 1340 819 1352 —·
838 1328 848 1363 s
866 1309 924 1382 Ego
937 1309 998 1382 qui-

191 1406 265 1471 dem,
277 1406 389 1477 piissimi
404 1405 594 1475 imperatores,
610 1405 779 1458 aestimoaon
793 1409 920 1474 oportere
934 1417 997 1459 sex-

1049 467 1246 543 utaoguotennl
1260 481 1284 527 le
1298 474 1381 527 selum
1394 489 1480 527 unum
1496 472 1600 540 Deant,
1623 487 1647 530 at
1661 494 1735 548 quent
1759 482 1851 537 ntisisti

1047 563 1137 622 lesam
1166 565 1295 622 Christum
1319 563 1408 639 (ioan.
1437 583 1504 634 svn,
1526 569 1564 640 h).
1586 569 1639 626 Per
1665 570 1753 642 ipsum
1777 574 1849 629 cnint

1048 659 1138 715 omnia
1155 658 1224 715 taen
1239 669 1313 727 suut,
1328 659 1445 716 visibilia
1458 669 1484 716 et
1500 661 1655 720 invisibilia.
1669 666 1722 734 Qui
1736 666 1850 723 descen-

1048 750 1089 807 dit
1110 750 1145 808 de
1158 751 1237 810 eoelis
1250 752 1389 809 voluntate
1403 753 1490 810 Patris
1506 766 1618 828 propter
1637 769 1759 817 nostram
1778 762 1852 818 salu-

1049 854 1115 913 tem,
1129 855 1207 902 natus
1219 846 1254 903 de
1268 845 1371 918 Spiritu
1384 853 1480 902 sancto
1493 856 1520 902 et
1533 848 1617 905 llaria
1629 850 1738 924 Virgine
1750 868 1851 911 secun-

1048 938 1112 995 dom
1132 954 1255 1008 carnem,
1271 942 1342 997 sicut
1359 942 1490 1014 scriptum
1508 953 1567 1010 est,
1581 955 1607 1003 et
1622 947 1781 1006 crucilirum
1799 953 1851 1009 snb

1048 1033 1145 1090 Pontio
1158 1033 1256 1102 Pilato,
1271 1037 1419 1105 sepultum,
1435 1037 1513 1093 tertia
1524 1039 1568 1094 dic
1581 1041 1783 1110 resurrexisse,
1802 1045 1851 1100 ad·

1047 1126 1187 1184 scandisse
1201 1127 1227 1182 in
1242 1128 1336 1194 coelis,
1351 1130 1446 1186 sedere
1460 1130 1494 1186 ad
1512 1131 1651 1188 dexteram
1669 1134 1768 1203 Patris,
1784 1153 1852 1195 vcn-

1049 1227 1138 1274 turttut
1161 1219 1284 1290 judicare
1308 1222 1384 1278 rivos
1403 1229 1431 1278 ct
1455 1232 1585 1280 mortuas.
1610 1225 1644 1280 Et
1668 1227 1694 1281 in
1719 1227 1849 1298 Spiritum

1047 1320 1172 1370 sanetum
1194 1314 1378 1385 paracletum,
1392 1330 1473 1385 quern
1494 1315 1568 1372 misit
1585 1318 1716 1375 Dominus
1734 1332 1761 1376 et
1779 1323 1851 1378 beas

1048 1416 1141 1464 noster
1155 1408 1274 1464 salvator
1287 1409 1367 1465 lesus
1383 1411 1466 1483 602
1482 1411 1606 1467 Christus
1623 1411 1774 1483 discipulis,
1790 1415 1852 1487 Spi-

190 1510 332 1559 ccntorum
347 1501 537 1572 cpiscoporum
552 1499 683 1554 unitatem
700 1505 762 1568 post
783 1505 873 1552 natos
888 1496 996 1552 labores
1047 1501 1128 1556 ritum
1142 1501 1276 1558 veritatis.
1288 1502 1334 1559 Sic
1344 1503 1458 1566 credidi,
1471 1514 1498 1559 et
1507 1503 1600 1571 credo,
1608 1505 1688 1562 sicuti
1698 1518 1726 1563 et
1737 1507 1851 1566 adscen-

191 1610 225 1652 ex
243 1593 419 1653 contentione
433 1605 580 1663 paucorum
600 1589 740 1646 hominum
763 1588 887 1645 refricari
903 1588 943 1658 (d)
961 1586 996 1643 ab
1046 1592 1114 1650 deris
1128 1595 1155 1650 in
1170 1595 1255 1652 ooelos
1267 1598 1362 1652 uniens
1378 1594 1448 1651 lilius
1460 1596 1507 1653 liei
1523 1597 1632 1653 tradidit
1645 1599 1798 1669 discipulis,
1809 1603 1851 1659 di-

191 1686 302 1758 hbiecl‘ls
315 1694 379 1742 aliie
399 1699 485 1740 ³l¹ll⁰⁸
497 1683 604 1749 decent,
619 1683 690 1739 ⁵10¹st
702 1693 730 1739 θῑ
751 1682 852 1752 Scribit
867 1680 997 1737 manifes-
1046 1701 1111 1745 cens
1129 1688 1251 1746 :liuntes
1266 1690 1354 1746 docete
1367 1707 1455 1746 amnes
1470 1703 1568 1763 pentes,
1583 1693 1745 1765 baptizantes
1764 1711 1807 1753 eas
1824 1698 1852 1752 in

192 1788 258 1835 tant.
270 1778 323 1837 Sed
336 1778 358 1834 si
372 1777 455 1848 aliani
468 1792 499 1834 ex
513 1777 601 1847 plebe,
619 1777 664 1847 qni
676 1790 821 1846 numquam
839 1773 991 1831 cornarani·
1006 1787 1031 1848 13
1045 1783 1148 1837 nemine
1160 1782 1250 1838 Patris
1263 1792 1288 1838 et
1301 1779 1366 1838 Filii
1375 1792 1402 1839 et
1412 1783 1529 1856 Spiritus
1539 1786 1621 1842 saneti
1633 1786 1740 1859 (blattis.
1753 1805 1850 1859 xxvtn,

114 1891 117 1894 ’
190 1883 327 1941 caverant,
339 1888 389 1929 nec
403 1873 446 1928 bis
455 1873 499 1943 qrri
512 1879 575 1927 ante
588 1887 630 1926 mc
639 1869 747 1926 luerunt
756 1868 905 1941 episcopis,
919 1885 991 1925 tione
1043 1872 1091 1945 la)
1112 1871 1155 1947 (i).

189 1967 306 2038 amplius
319 1968 428 2024 excicui
442 1967 477 2022 ab
499 1964 600 2022 llilario
613 1973 639 2020 et
653 1965 782 2030 Eusebio,
798 1965 992 2035 perturbantes
1081 1966 1124 2022 lb.
1141 1967 1298 2024 Ariminensi
1309 1970 1371 2037 delei
1380 1970 1506 2026 adhorret.
1515 1990 1572 2025 -r
1592 1972 1663 2029 lluos
1676 1984 1768 2032 autent
1782 1976 1850 2033 deos

188 2062 330 2131 quosdam,
358 2060 516 2116 haereticum
542 2073 586 2115 me
609 2066 795 2113 vocatcrnnt:
818 2057 902 2128 jussit
925 2071 991 2114 rcro
1043 2075 1191 2132 numquam
1206 2063 1350 2133 predicari
1366 2081 1374 2118 ι
1390 2079 1441 2140 nec
1454 2066 1527 2120 eninr
1544 2075 1608 2121 sunt
1626 2065 1681 2122 duo
1701 2076 1851 2139 patres,.ut

187 2155 274 2225 pietas
298 2163 389 2210 restra
414 2165 579 2223 cognoscere
606 2151 640 2208 ds
667 2150 709 2206 bis
730 2151 804 2206 viros
828 2150 990 2218 laudabiles,
1043 2151 1149 2212 duodii
1162 2153 1298 2220 dicantur,
1309 2170 1360 2212 uec
1373 2155 1427 2213 dno
1442 2155 1504 2221 lilii;
1519 2157 1567 2213 scd
1582 2172 1652 2214 unus
1663 2158 1734 2216 lilios
1746 2176 1780 2217 er
1793 2175 1849 2218 urio

190 2251 358 2322 Quaestorem
372 2262 399 2308 et
416 2251 572 2324 Magistrum
589 2256 638 2306 :et
651 2248 722 2305 sicut
734 2247 859 2321 praediri,
875 2263 929 2303 uon
943 2262 991 2303 eos
1043 2255 1131 2318 patre,
1145 2247 1220 2304 solus
1234 2248 1330 2315 asolo,
1343 2249 1416 2316 Dens
1426 2265 1460 2305 cr
1475 2250 1541 2316 beo,
1555 2253 1626 2307 sieut
1638 2252 1772 2323 scriptum
1787 2263 1849 2310 cst:

193 2360 337 2416 personam
353 2345 453 2401 trabere
467 2354 654 2399 accusatorum
665 2353 710 2396 ant
720 2340 844 2412 judicare
854 2340 899 2411 qui
909 2340 994 2395 semel

192 2440 383 2511 depositisunt
400 2438 472 2510 (dico
492 2446 583 2495 autent
598 2435 728 2492 Hilarium
745 2445 773 2491 et
784 2433 830 2504 tprri
842 2433 867 2488 ci
879 2447 995 2489 eonsen-

194 2531 292 2604 tiunt):
310 2543 400 2588 tamen
412 2530 542 2587 obediens
555 2528 700 2586 Serenitati
713 2535 822 2592 vestra,
835 2525 917 2598 001
930 2538 995 2592 pro·

192 2627 261 2684 cessi
281 2626 454 2683 manilcstarc
475 2624 542 2679 laisa
564 2619 606 2696 (e)
631 2621 793 2688 dicentibus,
813 2625 841 2675 et
865 2615 994 2688 blasphe-

191 2721 338 2786 mantibus,
354 2729 382 2775 ct
394 2719 554 2776 vocantibus
575 2731 618 2772 nte
633 2716 779 2782 brianum,
802 2723 831 2769 et
847 2711 924 2785 quasi
938 2725 992 2767 non

181 2812 365 2868 contuentem
376 2809 513 2867 Christum
530 2809 613 2865 lilium
628 2807 676 2865 Dei
693 2807 778 2862 Deum
792 2820 865 2863 esse.

227 2902 272 2958 lt.
289 2893 381 2958 Fidem
400 2920 475 2959 suant
496 2903 610 2975 exponit.
626 2918 689 2951 -s
712 2899 832 2969 Exposui
847 2897 881 2970 (s)
897 2896 992 2954 amitis

1047 2337 1121 2395 Unus
1147 2339 1225 2395 Pater
1250 2340 1320 2396 Deus
1340 2357 1372 2396 ee
1394 2358 1444 2413 prro
1466 2343 1563 2407 carnia,
1585 2354 1610 2399 et
1634 2361 1701 2399 artus
1723 2343 1851 2404 Dorrtintts

1043 2429 1124 2488 Iesus
1134 2430 1252 2489 Christus
1261 2450 1307 2506 per
1316 2450 1392 2503 quent
1402 2436 1488 2490 amaia
1498 2435 1518 2507 (l
1531 2432 1592 2491 Cor.
1604 2451 1662 2498 rut.
1677 2434 1705 2508 6)
1719 2457 1725 2491 z
1740 2450 1851 2508 propter

1044 2526 1118 2595 quod
1139 2535 1168 2583 et
1190 2542 1270 2583 uuam
1295 2527 1424 2583 deitatem
1449 2530 1637 2598 praedicamus.
1659 2529 1762 2587 Orrtocs
1783 2545 1850 2603 erga

1046 2618 1177 2688 haereses,
1198 2635 1260 2691 quac
1281 2620 1412 2677 adversus
1433 2620 1596 2676 catholicam
1621 2620 1701 2676 lldem
1725 2621 1850 2692 veniunt,

1045 2727 1155 2782 semper
1174 2712 1284 2783 quidem
1307 2713 1462 2783 congregati
1488 2712 1608 2784 episcopi
1633 2713 1759 2769 catlrtrlici
1781 2730 1850 2770 con-

1044 2803 1244 2860 dernnarcrnot
1256 2813 1284 2859 et
1298 2804 1607 2871 anathematizaverunt,
1624 2808 1779 2876 specialiter
1797 2822 1849 2863 au-

1045 2905 1099 2954 tem
1114 2897 1310 2953 convenientes
1322 2897 1457 2967 Arimino,
1475 2908 1503 2954 et
1516 2897 1579 2955 inde
1593 2899 1847 2959 condemnavimus.

189 2998 405 3070 pietatisvcstrtc
419 3011 508 3054 meam
520 2995 732 3062 consessionem,
748 2995 863 3065 primum
883 2990 992 3048 sattsta-
1044 2991 1212 3047 Catholicarn
1228 2998 1318 3047 autent
1337 3001 1365 3046 et
1388 2989 1612 3062 Evangeliorum,
1627 3008 1708 3063 utram
1729 2995 1850 3052 tradide·

188 3091 275 3162 ciens,
292 3091 355 3163 quia
369 3106 515 3164 numquam
531 3089 570 3166 (p)
583 3088 650 3146 scivi
664 3087 771 3153 Arium,
787 3100 841 3141 nou
859 3084 915 3140 vidi
928 3098 993 3140 ocu·
1043 3092 1109 3141 runt
1122 3082 1340 3155 apostotilam
1353 3083 1471 3142 bdeliter
1485 3083 1694 3143 custodivimus.
1708 3085 1744 3144 Ut
1756 3097 1849 3147 antem

188 3183 239 3251 lis,
261 3200 316 3240 nou
335 3185 450 3256 cognovi
468 3184 527 3254 ejus
548 3181 699 3238 doctrinam
715 3197 722 3233 :
737 3178 784 3237 scd
808 3194 842 3235 er
863 3178 990 3243 infautia,
1005 3204 1029 3269 C
1045 3180 1131 3250 pietas
1146 3188 1236 3235 restra
1249 3179 1341 3235 verius
1360 3188 1671 3251 cognoscentesque
1690 3192 1767 3253 gesta
1785 3193 1849 3240 sunt

187 3278 414 3351 quemadmodum
429 3278 526 3335 doctus
540 3293 611 3342 sum,
630 3275 701 3331 sicut
721 3273 813 3346 accepi
835 3272 870 3329 de
889 3271 991 3328 sanctis
1043 3274 1071 3328 in
1085 3272 1203 3329 coneilio
1211 3271 1388 3340 Ariminensi,
1398 3272 1547 3340 transmisi,
1557 3280 1585 3329 et
1597 3281 1661 3344 pcto
1676 3283 1705 3330 ut
1718 3290 1750 3330 ca
1762 3275 1849 3332 liben-

189 3371 347 3444 Scriptoris.
364 3370 479 3438 credidi,
494 3370 617 3428 etcredo
634 3370 661 3426 in
683 3384 765 3425 uttam
785 3368 872 3424 solum
894 3380 988 3422 verunt
1042 3375 1085 3422 ter
1104 3365 1155 3438 legi
1176 3365 1340 3437 praecipiatis
1356 3384 1363 3421 :
1382 3364 1422 3423 sic
1444 3364 1517 3422 enim
1540 3376 1689 3438 cognoscet
1710 3369 1849 3429 Serenitas

188 3465 275 3522 Deum
290 3476 391 3537 patrem
408 3466 631 3539 omnipotentem,
648 3464 821 3529 invisibilem,
837 3461 989 3533 intpassibi·
1040 3467 1143 3525 vestra,
1165 3460 1229 3530 quia
1247 3459 1292 3529 qni
1313 3461 1369 3528 jam
1390 3459 1491 3515 dudunt
1508 3461 1546 3534 (j)
1562 3460 1679 3530 depositi
1699 3473 1774 3529 sunt,
1796 3462 1849 3522 hoe

187 3557 253 3625 lem,
270 3558 448 3616 immortalem
464 3569 513 3616 :et
534 3561 560 3614 in
576 3559 659 3615 illium
674 3559 732 3629 eius
749 3556 916 3628 unigenitum
936 3555 989 3611 tto·
1041 3564 1094 3618 est,
1111 3552 1231 3608 llilarius
1245 3562 1273 3607 ct
1287 3553 1440 3620 Eusebius,
1455 3554 1625 3611 contendunt
1643 3554 1744 3627 ultique
1761 3556 1850 3615 schis-

187 3650 290 3706 minum
305 3662 426 3707 nostrum
440 3650 531 3708 lesum
545 3651 693 3717 Christum,
708 3649 874 3706 anteomnia
889 3647 989 3704 saecula
1041 3656 1114 3701 mata
1134 3644 1234 3701 lacere.
1255 3644 1321 3715 Qrtae
1341 3645 1413 3701 enirn
1437 3645 1508 3703 benc
1527 3646 1561 3703 de
1580 3647 1682 3703 sanctis
1701 3648 1849 3718 scripturis

118 3782 123 3793 .
187 3747 217 3797 et
237 3748 301 3796 ants
321 3757 404 3800 amoc
429 3743 590 3814 principium
622 3753 715 3799 natum
742 3757 777 3799 ex
808 3742 887 3796 Patre
914 3740 991 3801 lleuu
1041 3738 1183 3796 marronea
1198 3736 1261 3794 lidei
1275 3738 1398 3809 exposita
1412 3749 1495 3804 snrrt,
1512 3740 1601 3809 pietas
1614 3748 1705 3796 vestra
1725 3740 1849 3811 pervidet

189 3831 229 3906 lb)
243 3849 333 3893 rsnntr
347 3852 441 3894 statutt
456 3852 490 3894 cx
504 3852 570 3894 vcro
583 3837 638 3893 beo
650 3843 736 3908 patre,
748 3834 896 3892 secondum
919 3833 992 3905 quod
1042 3831 1102 3888 hae
1116 3830 1260 3888 retractari
1273 3845 1328 3886 noo
1341 3843 1478 3902 oportere.
1498 3848 1508 3884 r

237 4016 264 4087 a)
285 4016 313 4070 ln
325 4029 376 4072 ms.
388 4016 469 4073 Carn.
485 4017 611 4089 adjicitur
622 4017 741 4073 clausula
757 4016 850 4073 Amen.
1041 4014 1079 4070 sis
1095 4030 1123 4068 o.
1141 4013 1186 4080 li,
1200 4013 1272 4084 apud
1293 4014 1468 4072 ambrosium
1489 4024 1511 4073 t.
1525 4033 1556 4084 tt,
1571 4034 1598 4090 p.
1614 4017 1679 4086 tto,
1694 4034 1772 4077 novae
1786 4018 1847 4077 edi-

238 4087 264 4156 ὁ)
292 4089 330 4144 lta
352 4102 429 4152 mss..
455 4104 506 4145 uec
524 4090 602 4146 aliter
625 4090 695 4146 solet
720 4089 836 4146 llilnrins
861 4086 987 4143 haeretica
1042 4087 1135 4152 tionis,
1152 4088 1310 4157 rogantibus
1324 4086 1421 4143 ttthrii
1434 4089 1589 4147 doctrinam
1599 4090 1720 4159 damnet,
1735 4107 1848 4163 respon·

187 4154 322 4225 0puscula
336 4160 493 4218 inscribere.
509 4163 544 4217 ht
554 4161 630 4228 editi,
646 4160 769 4216 Arruntii
786 4158 989 4216 Mediolanensis
1040 4157 1106 4213 det:
1123 4155 1216 4211 Arium
1227 4174 1273 4212 nee
1285 4158 1349 4221 cidi,
1361 4176 1407 4213 nee
1418 4161 1471 4215 seio
1484 4162 1529 4232 qui
1537 4162 1580 4219 sit.

187 4229 305 4297 epistola.
1078 4226 1118 4302 lh)
1130 4228 1171 4283 Ex
1186 4230 1373 4287 vetustissimo
1384 4230 1520 4288 vaticanae
1529 4232 1648 4290 basilicae
1657 4232 1753 4290 codice
1773 4248 1846 4292 uuna

237 4302 263 4428 pp
277 4303 360 4360 Abest
373 4305 507 4359 earliatirrc
518 4319 534 4359 a
546 4320 597 4359 ms.
614 4305 693 4360 llich.
1042 4301 1160 4371 primum
1173 4302 1355 4356 restituuntur
1368 4304 1462 4365 verba,
1477 4318 1565 4359 oerum
1577 4305 1670 4374 lilium,
1685 4320 1800 4371 auorum
1817 4307 1845 4362 in

257 4381 266 4444 l
296 4375 385 4439 Editi,
414 4377 533 4447 refricari
553 4374 659 4444 abiectis
679 4376 796 4431 decretis.
819 4374 859 4431 Ne
882 4375 910 4430 in
936 4388 990 4429 orto
1041 4371 1168 4443 ambiguo
1180 4372 1330 4429 auxentius
1341 4372 1451 4430 ludebat
1462 4375 1631 4432 etilludebat
1642 4388 1716 4432 tanto
1727 4377 1843 4443 facilius,

189 4448 296 4518 guidem
312 4462 363 4502 ms.
378 4457 467 4504 exstat
480 4448 640 4501 vocabalum
663 4448 772 4502 demotis
789 4448 909 4519 :quoda
934 4447 988 4513 pri·
1040 4443 1113 4511 cuod
1142 4443 1390 4514 interpunctionem
1416 4445 1555 4501 distinctio
1577 4459 1632 4503 turn
1660 4450 1842 4505 nesciebatur.

189 4520 240 4573 tois
261 4518 410 4575 editoribus
434 4517 505 4574 haud
525 4518 607 4576 dubie
631 4519 766 4587 adiectum
788 4529 841 4585 est,
857 4528 887 4574 ut
900 4517 988 4571 oratio
1040 4512 1209 4583 errrmrpuam
1223 4517 1246 4571 si
1260 4530 1340 4572 verus
1351 4527 1394 4572 est
1409 4516 1481 4572 bens
1494 4520 1539 4588 qtri
1551 4533 1632 4576 verus
1645 4530 1685 4575 est
1699 4520 1746 4575 liei
1759 4520 1842 4585 itlius,

188 4591 244 4646 suis
258 4592 377 4645 numeris
398 4590 596 4645 absolveretur.
617 4588 670 4645 Sed
686 4589 842 4659 praepositio
855 4589 902 4653 od,
924 4597 987 4644 :inte
1040 4588 1079 4640 uti
1094 4585 1264 4642 demortstrat
1277 4587 1395 4643 llilarius
1408 4588 1456 4644 lib.
1472 4604 1507 4644 rtt
1529 4589 1562 4645 de
1574 4589 1651 4646 Trio.
1665 4608 1694 4645 n.
1706 4591 1751 4651 lt.
1767 4591 1843 4661 parvi

187 4661 303 4732 abjectis,
318 4669 429 4732 praepter
452 4672 663 4733 consequentem
678 4663 799 4728 ejusdem
820 4662 879 4716 soni
901 4659 987 4730 sylla·
999 4634 1026 4695 Ῐ)
1040 4657 1175 4713 interesse
1188 4657 1340 4721 ridebatur,
1356 4667 1444 4714 utrum
1459 4677 1546 4716 aerum
1559 4661 1591 4716 ad
1608 4662 1703 4729 betam,
1718 4676 1752 4717 an
1764 4660 1798 4718 atl
1810 4660 1844 4716 ll·

187 4733 249 4787 bam
265 4731 371 4787 lacilius
393 4732 519 4788 excidere
543 4732 640 4801 prttuit,
655 4749 734 4802 troam
759 4733 876 4798 decretis,
902 4746 988 4796 carrae
1040 4728 1108 4783 liam
1122 4732 1247 4785 relerret.
1264 4730 1301 4785 Ea
1317 4739 1407 4787 tameo
1423 4740 1482 4787 arte
1495 4749 1526 4786 ac
1540 4733 1647 4789 dicendi
1667 4732 1772 4788 ratione
1788 4747 1843 4788 uon

188 4806 311 4860 restituta
327 4812 380 4858 tam
401 4803 520 4859 elicitur
540 4817 637 4858 scnsvrs
651 4803 758 4859 veritati
777 4815 987 4869 consentaneas,
1039 4800 1087 4856 ille
1101 4801 1187 4861 solos,
1204 4803 1252 4856 sed
1267 4801 1315 4857 alii
1327 4804 1409 4858 etiarn
1425 4803 1465 4857 usi
1481 4814 1545 4860 sunt
1561 4803 1673 4868 briensi,
1689 4804 1723 4860 de
1744 4803 1844 4872 quibus

207 4891 268 4931 nam
283 4875 451 4930 alliciebatur
475 4875 559 4930 ialstts
582 4875 737 4944 adjectione
764 4876 840 4932 verbi
867 4872 985 4929 decretis.
1037 4869 1208 4943 Augustinus
1229 4874 1276 4929 lib.
1298 4889 1308 4928 r
1335 4889 1432 4929 corrra
1451 4874 1591 4932 blarimin.
1611 4892 1638 4931 c.
1658 4875 1843 4941 &Eiusdem

187 4891 283 5001 {ilarii
305 4948 378 5001 coitu
393 4955 473 5017 alane
493 4946 603 5001 Euscbri
617 4946 711 5002 ersitta
729 4946 773 5002 bic
796 4945 909 5001 indicari
930 4945 987 5014 jam
1039 4953 1152 5008 naturae,
1175 4946 1249 5016 cajus
1264 4954 1302 5000 est
1325 4944 1417 5007 Peter,
1440 4949 1539 5020 raegalis
1559 4963 1615 5003 erse
1636 4947 1719 5001 beten
1741 4949 1840 5015 filium,

188 5020 410 5085 praemonuimus,
432 5027 458 5072 et
478 5032 512 5072 ett
531 5017 606 5072 calce
622 5017 700 5088 ltttjus
716 5017 889 5088 blasphemiae
903 5014 989 5071 urani·
1041 5016 1157 5081 anamais
1178 5031 1264 5070 anain
1285 5033 1339 5071 esse
1362 5018 1445 5086 filiunt
1465 5035 1516 5073 nort
1539 5019 1646 5089 negetis.
1668 5018 1768 5075 Verum
1789 5016 1843 5074 hoo

188 5087 286 5144 lesnun
302 5097 353 5156 est,
370 5089 414 5144 ubi
427 5087 543 5158 idipsum
556 5098 677 5158 apertius
689 5089 852 5145 declaratur.
1041 5087 1103 5141 loco
1126 5088 1167 5141 sic
1186 5096 1350 5155 restaurato,
1373 5090 1463 5144 omnis
1480 5090 1536 5160 jam
1557 5089 1660 5146 totlitur
1673 5089 1786 5146 eruditis
1806 5088 1842 5147 de

236 5158 261 5232 ei
278 5160 322 5217 Sic
336 5174 402 5216 mss.
417 5158 491 5215 Editi
504 5172 582 5225 rero,
599 5160 667 5232 [aba
679 5161 838 5215 docentibus.
966 5184 972 5191 »
1041 5156 1123 5227 hnins
1138 5158 1262 5226 epistola
1274 5161 1390 5215 vertute
1402 5158 1543 5216 dubitandi
1558 5160 1638 5217 ratio.

236 5234 264 5302 [t
290 5232 366 5287 llunc
389 5247 508 5298 versum,
533 5232 643 5302 exposui
662 5231 752 5286 antias
773 5230 874 5302 pietatis
896 5239 988 5287 uestrae
1089 5230 1098 5283 i
1132 5227 1418 5285 Subtcxitnrrlmenin
1433 5246 1484 5287 ms.
1498 5230 1580 5288 ilict.

188 5318 272 5357 areant
286 5304 489 5431 adapertionem,
504 5317 557 5357 non
573 5302 674 5358 habent
687 5318 752 5358 mss.
1088 5302 1102 5373 j
1132 5298 1214 5367 Editi,
1230 5301 1292 5371 quia
1307 5301 1480 5372 jamdudum
1499 5303 1626 5373 amirati,
1649 5303 1772 5377 depositi,
1792 5303 1842 5361 bec

223 5372 262 5448 (g)
277 5373 316 5431 lta
341 5387 389 5458 ere
408 5373 546 5430 Palladius
560 5374 587 5430 in
602 5375 687 5445 gestis
705 5372 815 5433 concilii
827 5375 986 5446 Aquileien-
1039 5380 1090 5441 est,
1101 5380 1168 5438 etc.;
1181 5377 1350 5444 castigantur
1363 5388 1399 5430 ex
1410 5387 1478 5430 mss.

945 5575 1081 5744 &CC
