4209 6250
149 288 205 349 109
755 291 802 348 nb
821 290 1008 352 rummare
1027 291 1130 350 trusit
1150 293 1193 351 tt.
1753 303 1805 361 ltu

149 406 268 464 tendens
283 403 460 477 intelligitur;
476 405 643 476 compositos
662 407 713 463 erit
733 407 832 474 Pater,
848 419 876 467 et
888 410 993 469 divi-b
1009 409 1073 465 ralis
1094 411 1222 467 nativitas
1242 411 1398 469 doceretur.
1414 414 1556 472 Postremo
1571 416 1643 487 quod
1662 415 1749 473 dixit:
1765 418 1808 474 En

150 498 258 561 sibilis,
271 508 300 554 et
315 496 522 565 convertibilis,
540 505 568 554 et
587 512 686 569 corpus
706 499 853 556 secuudum
877 502 954 569 illos,
1008 500 1181 571 Putreesioi,
1196 506 1288 560 eterni
1304 503 1377 579 (lob.
1392 523 1451 573 sut,
1467 505 1531 579 st),
1546 518 1635 565 utrum
1649 510 1809 582 atubiguita·

153 600 193 659 et,
206 602 339 662 quantum
355 589 383 645 in
398 588 466 660 ipsis
480 597 533 654 est,
549 592 743 662 consequentia
761 593 883 662 corporis
896 608 956 650 sus·
1008 602 1062 651 tem
1078 595 1232 669 reliquerit,
1249 599 1312 669 quia
1328 600 1525 670 intelligeretur
1538 615 1592 658 non
1603 602 1715 659 aliunde
1727 618 1807 674 quana

154 684 245 740 tineos
255 684 315 739 sine
339 696 457 752 corpore
467 680 548 738 bens.
565 701 576 736 s
592 680 690 740 Gravis
705 693 732 740 et
742 683 833 740 multae
844 683 958 741 diillcul-
1009 702 1043 744 ex
1053 687 1133 745 Patre
1145 704 1206 746 esse
1219 690 1291 761 quod
1306 691 1377 747 beas
1389 691 1450 748 est?
1464 691 1502 748 Ex
1517 692 1596 749 Patre
1609 695 1681 750 enim
1699 695 1810 763 exiens,

154 776 220 833 tatis
230 776 308 833 labor
324 783 398 833 essct
413 774 554 832 veritatem
569 776 706 848 religionis
727 776 869 834 arlrersum
886 778 959 835 talsi·
1010 781 1190 850 nequealiam
1202 782 1349 840 natiuitatis
1368 783 1461 840 babuit
1480 794 1622 854 naturam,
1638 802 1727 858 neque
1746 787 1811 844 uul-

154 870 223 926 tatis
242 868 409 940 impietatem
427 869 512 933 tueri,
532 867 555 923 si
569 879 699 938 quantum
718 868 801 926 audet
817 870 957 942 impietas,
1010 872 1082 928 lam:
1098 872 1145 929 sed
1159 889 1221 930 eum
1233 875 1283 931 sibi
1299 883 1413 932 testatur
1425 886 1580 946 auctorem,
1591 895 1625 935 ex
1637 894 1692 951 quo
1704 894 1735 937 se
1749 894 1813 951 pro·

156 965 186 1022 in
201 975 304 1022 tantuna
317 963 473 1021 consuleret
484 961 522 1037 (a)
537 964 694 1034 prudenter·
707 962 762 1021 Sed
784 962 870 1031 berre,
887 964 960 1036 quod
1012 962 1210 1023 lltetorexisse.
1226 967 1266 1023 Ile
1279 967 1320 1026 bis
1333 977 1423 1026 autem
1439 970 1657 1030 demonstrandis
1673 983 1755 1045 atque
1769 974 1812 1031 iu·

156 1058 367 1131 irreliglositatis
382 1058 510 1115 voluutas
523 1073 557 1115 ex
578 1057 667 1128 inopia
688 1057 839 1129 prudentie
858 1066 909 1116 est.
925 1059 959 1115 Et
1011 1056 1545 1131 telligendisposteriormilrisermoest.

159 1150 473 1211 ideircocomlacilissit
487 1150 632 1208 adversum
645 1151 787 1207 stultitiam
799 1152 959 1222 responsio,
1049 1151 1094 1205 li.
1114 1150 1171 1207 Deo
1185 1153 1217 1208 de
1235 1170 1263 1209 se
1276 1170 1328 1209 nort
1341 1156 1442 1211 medere
1457 1157 1540 1226 nosos.
1551 1187 1588 1199 -
1600 1158 1710 1215 interim
1725 1168 1814 1218 tamen

159 1246 317 1304 emendatio
332 1256 420 1301 tamen
434 1242 553 1300 diltlcilis
570 1244 713 1301 stultorum
728 1253 791 1300 est:
814 1259 861 1313 per
880 1259 961 1314 quam
1013 1245 1066 1301 boc
1084 1245 1239 1317 videamus,
1260 1264 1312 1321 qua
1334 1249 1452 1306 bominis
1472 1250 1569 1308 fiducia
1591 1252 1766 1325 intelligenda
1782 1253 1816 1311 do

159 1342 281 1414 primum
295 1347 324 1396 et
337 1337 405 1395 ratio
420 1335 605 1409 intelligentiae
618 1352 671 1392 non
685 1336 830 1407 quaeritur,
844 1344 871 1395 et
886 1334 963 1391 dein·
1015 1337 1071 1394 beo
1082 1338 1254 1407 inhibentur,
1266 1358 1327 1414 que
1341 1342 1439 1414 quoda
1454 1343 1510 1400 [leo
1524 1344 1598 1401 dese
1610 1346 1681 1401 dicta
1694 1346 1749 1401 sint
1762 1361 1816 1401 non

159 1449 225 1506 ceps
235 1435 271 1490 ab
281 1431 447 1504 intelligente
460 1430 582 1486 intimata
596 1444 649 1487 uon
660 1429 776 1500 capitor.
791 1427 844 1484 Sed
859 1426 963 1497 siquos
1015 1443 1157 1504 negantur.
1170 1432 1391 1506 Ogravissimunr
1407 1436 1533 1494 buntanae
1544 1437 1666 1494 stultitia
1678 1447 1760 1510 atque
1776 1440 1818 1494 iu·

159 1528 244 1584 timor
260 1526 309 1583 Dei
329 1533 355 1583 ct
377 1522 563 1594 intelligentie
581 1522 731 1595 ignoratio,
746 1536 799 1578 non
819 1520 964 1592 inpietatis
1016 1526 1138 1583 solentiae
1151 1527 1285 1595 dedecus,
1300 1528 1476 1601 professionis
1491 1545 1549 1586 suae
1562 1529 1597 1586 de
1612 1546 1642 1586 se
1660 1530 1744 1587 Deum
1762 1545 1817 1587 non

159 1622 288 1679 voluutas
308 1634 359 1692 per
376 1618 498 1676 stultitiae
518 1631 627 1674 sensam
648 1615 795 1674 detinuerit
811 1616 840 1672 in
853 1630 964 1683 errore,
1016 1621 1099 1677 modo
1112 1636 1226 1693 arguere
1246 1637 1300 1679 non
1321 1623 1474 1691 credendo,
1490 1623 1537 1680 sed
1559 1624 1730 1681 emendando
1743 1625 1819 1681 dam-

160 1715 290 1793 (t)sper0
300 1720 329 1771 ιιι
339 1713 372 1770 ad
385 1713 602 1771 emendationem
616 1712 748 1784 proclives
757 1709 829 1778 siut;
843 1726 903 1766 cum
912 1710 965 1767 im·
1018 1731 1100 1783 narc;
1116 1726 1144 1771 et
1157 1716 1224 1772 illud
1237 1716 1372 1774 laetabile
1387 1718 1414 1773 in
1425 1732 1459 1774 eo
1471 1726 1574 1774 naturae
1587 1732 1644 1774 suae
1658 1718 1819 1790 virtutisque

160 1811 272 1884 pietatis
291 1806 435 1866 stultitiam
453 1806 577 1863 absolute
590 1804 712 1863 ueritatis
724 1805 760 1861 sit
770 1801 966 1860 demonstratio
980 1810 1005 1872 Β
1018 1816 1169 1876 secretum,
1186 1806 1311 1863 bomanis
1330 1809 1515 1866 contaminare
1531 1817 1559 1865 et
1572 1808 1731 1882 impugnare
1750 1809 1818 1866 doc-

159 1902 314 1975 proditura.
1016 1898 1113 1966 trinis,
1141 1906 1169 1955 et
1192 1898 1251 1955 baec
1271 1898 1373 1955 audere
1394 1899 1548 1970 loqui:Si,
1571 1900 1675 1971 iuquit,
1700 1916 1735 1958 ex
1762 1902 1819 1957 beo

199 1993 245 2051 ts.
264 1992 426 2049 biliusulex
438 1988 650 2064 ipsolleoncqus
663 1989 770 2060 ipsequi
784 1987 870 2055 Pater,
886 2004 967 2060 usque
1017 2001 1060 2050 est
1078 1989 1179 2058 Filius,
1194 1990 1368 2048 demutabilis
1381 2000 1409 2048 et
1430 2005 1577 2065 corporeus
1596 1993 1668 2050 Deus
1692 2001 1752 2059 est,
1775 1991 1823 2065 qui

160 2082 676 2156 aliud,sequeesrribilo.-llisistis,o
688 2081 968 2155 stulti,(c)quietbo·
1017 2100 1052 2143 ex
1073 2100 1104 2141 se
1119 2085 1263 2156 protulerit
1277 2085 1321 2143 vel
1344 2086 1515 2153 extenderit,
1529 2087 1602 2158 quod
1625 2089 1677 2145 sibi
1697 2097 1772 2144 esset
1794 2089 1823 2143 iu

162 2179 210 2237 die
224 2179 296 2236 idem
305 2176 410 2245 dicitis,
422 2177 574 2234 nescientes
586 2180 612 2231 in
624 2174 708 2233 Deum
723 2190 836 2246 sapere,
851 2178 875 2230 si
896 2175 967 2231 enim
1018 2176 1120 2233 liliuml
1136 2177 1204 2245 Quid
1227 2177 1359 2234 sollicitus
1374 2193 1418 2246 es,
1435 2194 1469 2234 ue
1484 2178 1656 2237 demutabilis
1673 2179 1744 2237 [leus
1763 2178 1820 2236 siti

164 2271 240 2345 quod
253 2287 286 2328 ea
298 2272 367 2343 ipso,
378 2279 406 2327 ει
417 2269 489 2342 quod
504 2286 536 2326 es
546 2279 630 2338 uteo,
644 2278 672 2325 et
686 2268 757 2341 quod
769 2284 802 2325 es
813 2265 969 2325 Potereuiai
1018 2267 1076 2325 Nos
1095 2269 1263 2326 nativitatem
1275 2270 1450 2337 comitemur,
1468 2286 1517 2327 nos
1532 2272 1698 2344 unigenitum
1721 2272 1821 2344 praedi-

166 2377 192 2423 et
204 2366 271 2422 resi.
288 2364 414 2434 Quaeras
429 2373 473 2430 tc,
484 2362 535 2420 boc
547 2371 633 2419 totum
653 2363 755 2419 dictum
776 2377 791 2417 a
809 2360 881 2429 beo,
900 2375 970 2417 aune
1020 2379 1155 2422 camusex
1166 2363 1375 2429 beodoctirtu,
1389 2381 1423 2421 ne
1438 2366 1564 2421 nativitas
1577 2375 1699 2436 maneat,
1718 2381 1751 2422 ne
1763 2365 1824 2421 uni·

165 2475 222 2517 non
240 2459 342 2516 dietum
360 2457 413 2514 siti
425 2457 530 2513 [lictum
545 2455 639 2527 ntique
661 2464 721 2512 est:
736 2463 763 2511 et
780 2462 969 2521 peccassem,
1020 2456 1128 2529 genitus
1143 2456 1213 2513 Deus
1231 2457 1257 2512 in
1275 2456 1404 2513 Ecclesiae
1419 2456 1472 2512 ilde
1487 2456 1538 2521 sit,
1555 2464 1677 2512 usturam
1698 2455 1822 2513 indcmu

166 2550 329 2609 cornaliso
342 2550 418 2607 dese
430 2548 532 2605 dictum
545 2548 594 2614 sit,
612 2561 667 2604 non
680 2547 760 2603 aliter
767 2544 970 2616 intelligendum
1023 2549 1114 2606 tabilis
1126 2550 1172 2605 bei
1185 2564 1245 2620 quae
1256 2562 1306 2605 nec
1315 2548 1423 2605 extendi
1435 2562 1485 2604 nec
1495 2548 1622 2619 protendi
1633 2549 1717 2619 possit
1727 2548 1764 2622 (e)
1775 2562 1826 2617 op-

166 2658 326 2718 essequam
342 2642 445 2700 dictum
464 2650 516 2699 est.
531 2640 572 2697 De
584 2639 667 2697 dictis
686 2654 737 2698 suo
753 2637 830 2706 loco,
844 2638 973 2719 demons·
1022 2644 1112 2717 ponis.
1129 2643 1262 2699 aberrem
1284 2642 1350 2708 tibi,
1372 2641 1466 2698 irrlelix
1485 2656 1577 2710 uror,
1593 2641 1676 2697 etiam
1693 2657 1726 2698 er
1741 2642 1826 2699 rebus

76 2726 84 2733 ’
166 2739 249 2796 tratis
258 2736 425 2810 singulorum
433 2748 602 2807 quommquc
611 2732 771 2799 virtutibus,
785 2730 971 2789 tractabimus.
1022 2735 1117 2793 mundi
1133 2733 1310 2807 quarumdam
1326 2743 1482 2789 naturarum
1497 2748 1558 2804 quae
1572 2733 1719 2805 gignuntur
1731 2749 1825 2792 exent-

167 2831 282 2888 lnterim
293 2839 384 2887 tamen
397 2826 609 2899 uniuscujusque
627 2824 831 2897 intelligentiam
844 2824 972 2893 consulo,
1024 2828 1117 2902 plum,
1132 2842 1167 2884 ue
1182 2826 1351 2883 nativitatem
1368 2826 1571 2898 protensionem
1586 2827 1777 2897 existimares,
1796 2845 1832 2887 ne

168 2923 237 2997 quid
248 2922 385 2979 existimet
397 2922 424 2977 io
436 2936 481 2989 eo,
495 2935 555 2977 cum
565 2918 666 2975 dictum
676 2918 711 2973 sit
723 2933 756 2973 cs
766 2919 975 2989 ipsorutmmne
1025 2923 1194 2979 nascentium
1207 2932 1318 2978 naturas
1327 2922 1489 2978 detrimenta
1504 2921 1632 2980 crederes
1645 2937 1707 2979 esse
1718 2924 1832 2995 giguen·

170 3016 307 3076 exaltem
321 3012 529 3087 intelligendum
544 3013 596 3079 sit,
610 3027 644 3068 an
660 3009 840 3080 nesanullo,
858 3025 892 3066 au
910 3022 975 3067 uero
1026 3015 1092 3071 tium
1104 3056 1111 3080 ,
1125 3022 1155 3070 ut
1172 3015 1253 3071 etlam
1275 3014 1358 3069 multa
1378 3014 1438 3070 sine
1457 3013 1594 3086 corporali
1610 3014 1777 3072 admistione
1795 3030 1830 3073 ex

170 3104 651 3184 ipseillccredendussitilixaltero
662 3119 715 3164 noo
726 3111 787 3162 est:
802 3103 865 3176 quia
875 3102 975 3175 esipao
1027 3106 1181 3163 uirentibus
1193 3105 1221 3162 in
1232 3107 1356 3164 niventes
1367 3104 1471 3163 animas
1481 3106 1673 3179 gignerentur:
1688 3108 1741 3165 nisi
1756 3108 1831 3167 aclas

170 3213 226 3269 est,
236 3203 263 3260 id
273 3214 315 3259 cst
325 3202 411 3276 (itaut
421 3197 498 3272 non),
510 3198 673 3265 meilande,
684 3206 869 3268 praeterquam
879 3194 1015 3258 esDeoC
1031 3207 1119 3265 esset,
1133 3198 1188 3255 Deo
1201 3197 1235 3254 de
1245 3212 1275 3255 se
1288 3197 1323 3272 (p)
1339 3214 1392 3254 non
1408 3198 1572 3268 credidisse;
1587 3209 1613 3256 et
1628 3200 1716 3257 ultimi
1731 3201 1829 3259 luroris

171 3299 249 3356 beas
261 3298 305 3354 sit.
321 3296 361 3352 Er
371 3293 457 3351 nilrilo
467 3308 520 3349 non
531 3300 591 3350 est:
603 3291 664 3363 quia
678 3305 710 3346 es
721 3291 779 3361 ipso
791 3300 847 3356 est;
863 3287 977 3345 demon·
1027 3293 1135 3350 vesania
1144 3291 1327 3363 iudicaretur,
1342 3291 1463 3349 adimere
1478 3293 1665 3351 auctoritatem
1679 3294 1713 3350 ad
1731 3294 1829 3365 tidem,

174 3399 281 3449 stratur
295 3389 368 3446 enim
381 3399 476 3445 natura
489 3385 562 3443 unde
572 3384 699 3441 nativitas
711 3394 763 3441 est.
779 3383 840 3454 lpse
850 3397 903 3439 uon
914 3390 975 3439 est:
1027 3385 1072 3441 cui
1087 3384 1289 3441 venerationem
1309 3384 1464 3456 pmlltearis
1478 3384 1512 3440 ad
1526 3387 1620 3443 vitam.
1636 3385 1665 3444 Si
1684 3389 1756 3444 enim
1777 3403 1832 3445 non

174 3481 488 3556 quaesierimus,
504 3479 631 3534 nativitas
645 3476 694 3533 tilii
712 3474 829 3532 retertur
841 3490 875 3532 es
888 3481 976 3547 patre.
1028 3479 1079 3535 nisi
1100 3493 1148 3550 per
1162 3492 1224 3534 euru
1239 3477 1293 3534 vita
1310 3485 1366 3544 est,
1381 3477 1518 3549 quomodo
1535 3494 1589 3535 avon
1611 3494 1660 3550 per
1678 3493 1740 3536 eum
1760 3479 1831 3537 tides

174 3575 281 3633 Deinde
294 3591 357 3632 cum
372 3572 540 3645 significatur
553 3587 585 3627 ea
601 3580 689 3639 utero,
704 3570 841 3640 interrogo
855 3584 889 3624 an
903 3566 978 3624 credi
1028 3571 1092 3630 vite
1110 3571 1173 3627 esti
1185 3570 1266 3627 Fides
1278 3578 1368 3627 autem
1391 3571 1454 3626 vitae
1470 3571 1607 3642 quomodo
1624 3574 1652 3628 iu
1664 3581 1767 3641 coest,
1786 3572 1833 3644 qui

174 3670 266 3745 possit
277 3684 340 3727 esse
357 3678 438 3725 natus
456 3682 489 3724 es
510 3665 613 3733 nihilo,
628 3679 689 3720 cum
713 3662 862 3720 natiuitatis
879 3661 979 3718 ueritas
1029 3661 1081 3719 sibi
1095 3663 1129 3719 de
1141 3677 1171 3720 se
1185 3663 1261 3731 testis
1272 3662 1389 3718 infidelis
1401 3662 1550 3719 babeaturt

176 3782 227 3840 pes
236 3766 415 3841 corporalium
427 3762 633 3822 efficientiarum
644 3756 910 3817 nominarevelcturl
920 3754 978 3812 Non
1070 3754 1204 3830 14518.
1220 3754 1285 3810 Filii
1299 3756 1502 3828 nuncupationes
1516 3756 1560 3826 qui
1573 3756 1605 3810 al
1617 3755 1745 3811 ieretieis
1759 3756 1837 3812 iutel-

176 3863 254 3921 euim
275 3860 404 3918 membris
423 3857 612 3928 corporalibus
631 3854 784 3912 consistens
806 3849 897 3915 Deus,
918 3862 980 3904 cunt
1031 3847 1288 3918 tecm—Usamus
1301 3846 1390 3914 enim,
1407 3845 1567 3917 impiissime
1582 3846 1724 3916 baeretice,
1740 3848 1837 3905 natiui-

175 3955 381 4029 generatiooem
398 3950 480 4026 m
490 3950 551 4007 utut
566 3948 606 4023 (d)
618 3953 854 4012 commemoraret,
869 3944 927 3999 ait:
939 3939 983 3998 Eu
1033 3949 1115 3999 tatem
1130 3941 1193 3997 itttt
1206 3941 1239 3997 ad
1254 3939 1403 3997 creationis
1417 3939 1604 4008 uoluntatem
1621 3951 1651 3996 ut
1664 3956 1717 3998 noo
1733 3958 1765 3999 ex
1782 3944 1837 4001 lleo

177 4062 255 4108 uteo
268 4059 327 4105 ants
346 4047 484 4119 mutuum
499 4045 576 4119 genui
597 4053 621 4099 te
634 4042 696 4113 (Pa.
716 4056 776 4108 ctx,
789 4038 839 4113 5);
855 4036 904 4094 sed
925 4036 983 4092 ine-
1032 4043 1114 4093 natos
1128 4035 1182 4101 sit,
1197 4034 1246 4093 sed
1260 4034 1370 4090 volente
1384 4049 1419 4091 eo
1438 4036 1483 4106 qui
1503 4035 1623 4104 crearit,
1646 4053 1679 4093 ex
1699 4039 1837 4095 creatione

179 4142 345 4201 namabilem
359 4141 433 4197 illam
449 4136 580 4211 unigeniti
594 4152 627 4193 ex
648 4150 678 4192 sc
696 4133 743 4189 trtti
762 4132 930 4189 nativitatem
946 4143 982 4185 ex
1033 4129 1195 4187 substiterit.
1210 4127 1245 4184 tit
1258 4136 1347 4185 tecum
1361 4127 1463 4184 idcirco
1475 4143 1529 4185 uon
1545 4129 1615 4186 [leus
1627 4139 1688 4197 est,
1703 4131 1766 4203 quia
1779 4147 1838 4187 uas-

183 4240 334 4298 divinitatis
353 4236 537 4297 austeritate
554 4233 735 4298 coadunans,
749 4230 783 4287 ad
801 4225 984 4298 intelligentiae
1035 4232 1118 4279 ncnte
1131 4221 1188 4278 Deo
1197 4235 1262 4287 uno,
1274 4236 1328 4277 non
1340 4229 1430 4276 teneat
1439 4219 1526 4277 Filios
1535 4220 1648 4294 originis
1657 4237 1715 4278 suae
1725 4222 1754 4278 in
1765 4223 1836 4280 nati·

180 4332 265 4390 bdcm
276 4333 384 4389 locutus
394 4338 451 4397 est;
463 4317 536 4385 atde
548 4326 646 4383 diuinis
658 4325 715 4381 suis
725 4322 823 4389 rebus,
836 4317 984 4376 meandum
1034 4315 1118 4371 ritate
1128 4321 1270 4378 naturam;
1285 4312 1335 4369 sed
1349 4312 1377 4368 in
1390 4312 1570 4369 substantiam
1585 4313 1699 4370 alterata
1716 4314 1755 4389 (g)
1769 4330 1836 4371 cou-

179 4428 329 4486 bumanam
343 4434 482 4491 naturam,
497 4423 622 4478 lrumanae
634 4428 737 4476 naturae
750 4430 860 4473 sensum
873 4412 906 4469 ad
923 4411 986 4467 ildei
1037 4407 1116 4475 ditio,
1130 4408 1188 4479 ipsc
1203 4416 1338 4476 umquam
1352 4404 1507 4476 unigenitus
1519 4406 1719 4464 conditionibus
1739 4417 1766 4464 et
1783 4409 1840 4465 lac-

180 4519 326 4577 scientiam
340 4516 481 4574 emdiret:
497 4523 528 4571 ut
547 4528 608 4570 curn
623 4512 661 4568 ait
678 4527 710 4568 ec
724 4518 812 4576 utero,
830 4523 884 4562 non
899 4520 932 4563 ex
947 4502 988 4560 ni·
1037 4501 1106 4556 turis
1120 4498 1228 4555 ceteris
1241 4496 1415 4570 prestantior
1428 4496 1481 4552 sit:
1502 4497 1665 4554 substitutus
1686 4509 1793 4569 umen,
1808 4510 1839 4556 ut

181 4613 241 4672 bilo
254 4612 357 4670 creatio
370 4610 538 4678 substitisse,
553 4607 601 4664 sed
615 4622 649 4664 ea
662 4621 692 4663 se
704 4602 841 4677 Unigeniti
854 4600 895 4659 sui
907 4608 985 4656 natu·
996 4585 1023 4647 Ι)
1035 4596 1181 4655 creationis
1193 4595 1305 4652 indulte
1314 4593 1353 4667 (la)
1363 4592 1415 4649 sibl
1425 4590 1525 4650 babeat
1534 4592 1770 4662 substitutionem,
1784 4609 1840 4654 nou

183 4762 220 4888 ⁶'i‘
243 4748 710 4885 tttiitlst‘tttatl0ll0
731 4747 863 4805 ”³¹²'³¹¹¹”
888 4744 989 4817 “⁸³⁸⁰
1039 4757 1182 4869 tillidi
1198 4740 1842 4870 trttlst'tttlttttttttzt‘ittllai

209 4847 265 4966 mal
285 4843 376 4958 Editli),
393 4843 529 4968 predatio
540 4912 549 4950 .·
562 4894 730 4963 castigantur
743 4905 775 4947 ex
790 4887 908 4958 scriptis.
1040 4901 1098 4940 suat
1112 4884 1223 4956 aliquem
1238 4882 1345 4954 pertusi
1359 4891 1488 4952 poterunt.
1594 4953 1600 4966 .

236 4971 264 5046 bl
282 4969 332 5025 ils.
347 4969 427 5025 farn.
441 4968 518 5024 credo
538 4975 575 5022 ut.
592 4965 661 5029 stit,
677 4978 752 5032 spero
773 4970 810 5016 ut.
824 4963 858 5015 bt
878 4957 987 5026 excusi,
1079 4955 1115 5029 (c)
1137 4956 1197 5024 En,
1207 4954 1282 5026 Lips.
1294 4963 1322 5010 et
1334 4953 1410 5022 Pan,
1424 4956 1486 5025 quia
1500 4962 1524 5012 ιι
1538 4955 1614 5010 bodie
1628 4970 1638 5009 :
1654 4954 1731 5011 nullo
1745 4953 1843 5013 suffra·

185 5040 429 5112 reacquisitae
447 5041 474 5095 in
490 5040 550 5095 luco
568 5036 658 5109 prodit
679 5033 877 5114 liberiusque
898 5030 990 5113 anlavo
1041 5037 1122 5102 gante
1137 5042 1189 5082 ms.
1341 5098 1348 5111 ’
1388 5097 1394 5110 .

186 5124 249 5172 erat
262 5112 374 5169 atiectus
389 5126 451 5181 erga
467 5125 531 5175 eos,
547 5111 592 5180 qui
613 5104 762 5180 ignorantia
777 5114 804 5158 et
819 5101 990 5171 srnrplrcrtate
1078 5099 1120 5170 (dl
1139 5097 1202 5153 Par.
1215 5113 1276 5153 cum
1293 5107 1445 5169 anttqurore
1455 5113 1507 5156 ms.
1519 5097 1596 5156 Colb.
1611 5105 1638 5155 et
1649 5097 1742 5155 Germ.
1753 5140 1761 5170 ,
1773 5114 1844 5154 carra·

186 5187 256 5245 Ario
266 5183 411 5244 latebant,
428 5182 466 5237 uti
478 5182 533 5252 jam
548 5180 678 5236 aduersus
689 5174 792 5233 Erasmi
809 5174 927 5245 argutias
941 5171 991 5228 ob-
1040 5179 1215 5226 memorasset.

187 5267 328 5315 servatum
346 5262 387 5309 εει
407 5252 434 5309 in
455 5249 618 5323 pratensi.
633 5248 708 5306 llaud
731 5246 809 5301 aliter
827 5243 991 5300 Athanasius
1089 5241 1115 5307 el
1133 5238 1194 5294 Vat.
1206 5239 1266 5296 bas.
1279 5255 1348 5306 ms,
1365 5243 1473 5312 seponis
1484 5257 1494 5296 .·
1507 5242 1598 5298 mitius
1611 5240 1689 5298 bene.

188 5330 238 5387 (ir.
257 5344 277 5384 u
295 5335 370 5382 cont.
385 5325 450 5387 br..
473 5339 498 5393 p.
516 5323 586 5389 adl,
606 5335 689 5393 agens
706 5318 741 5373 de
764 5317 799 5374 iis
817 5317 860 5387 qui
880 5315 991 5371 sobolem
1092 5310 1121 5384 s)
1142 5311 1215 5374 Lips.
1231 5309 1275 5367 tric
1288 5309 1388 5381 adjecit
1401 5314 1524 5370 testanti:
1537 5312 1608 5385 qood
1631 5312 1736 5369 abesta
1759 5312 1844 5381 bart..

189 5399 326 5475 proauum
338 5395 486 5452 mbstomioe
497 5393 587 5450 Putris
609 5399 703 5465 negant
713 5432 721 5455 ,
733 5391 808 5457 quau
827 5388 856 5442 id
876 5387 933 5454 fieri
948 5402 993 5441 rae-
1043 5384 1092 5441 Er.
1104 5391 1131 5438 ει
1143 5381 1280 5466 plerisque
1294 5396 1360 5438 mss.

190 5480 285 5544 pacat,
300 5468 351 5524 nisi
373 5475 457 5536 portes
469 5466 645 5536 intelligantur
657 5479 666 5519 :
678 5461 722 5533 qui
732 5461 763 5515 de
776 5462 929 5531 incorporeo
939 5474 994 5513 cor·
1081 5452 1120 5528 (g)
1136 5452 1223 5518 Edttt,
1236 5453 1366 5509 conditur:
1378 5455 1555 5513 renitentibus
1565 5455 1693 5511 omnibus
1703 5469 1770 5511 mss.
1780 5455 1848 5512 Sen-

192 5559 272 5616 porstt
285 5540 418 5611 cogitant,
437 5548 461 5592 et
475 5537 507 5592 ab
526 5535 724 5592 masculitanum
746 5540 847 5587 naturae
860 5545 914 5584 sure
931 5527 991 5584 adi·
1034 5525 1093 5584 'sus
1107 5540 1188 5594 porro
1201 5534 1258 5586 est,
1272 5522 1383 5591 Tecum,
1398 5527 1520 5592 luceat,
1535 5528 1560 5582 in
1575 5537 1619 5583 tua
1632 5525 1783 5594 sententia,
1798 5525 1848 5580 Fi·

191 5622 268 5669 muat
282 5609 307 5665 F
308 5612 354 5666 ilio
367 5609 548 5681 proprietatem
560 5617 674 5679 pateram
687 5602 852 5666 susbstantia,
869 5604 931 5657 dum
947 5616 991 5654 so·
1048 5599 1098 5653 lius
1112 5603 1213 5651 nonest
1228 5593 1314 5657 Deus,
1329 5597 1374 5650 sed
1387 5597 1518 5651 conditio:
1533 5599 1577 5654 ubi
1593 5599 1719 5653 advertas
1732 5598 1848 5668 particu-

193 5684 277 5740 balan
288 5680 378 5737 Patris
391 5680 463 5736 stulti
483 5696 514 5735 es
523 5695 550 5734 se
560 5679 698 5735 metiuntur
709 5692 718 5730 :
728 5672 869 5740 Ceterum,
889 5670 992 5744 iuquit,
1047 5670 1101 5725 lana
1115 5683 1174 5722 cum
1189 5666 1232 5722 bie
1246 5675 1276 5722 ut
1289 5666 1352 5722 alibi
1367 5682 1416 5739 pto
1428 5669 1569 5723 sectandum
1581 5668 1677 5736 accipi.

191 5757 259 5813 s'stos
272 5755 307 5810 ad
320 5755 398 5808 istum
407 5753 512 5806 modum
522 5750 644 5820 allectos,
661 5761 843 5820 percussosque
856 5758 907 5798 nou
920 5757 994 5816 posse
1074 5736 1125 5811 v(lt)
1141 5739 1226 5822 Abest
1239 5738 1315 5793 tibia
1331 5754 1383 5822 ms..
1407 5739 1464 5796 bas.
1481 5738 1541 5797 Vat.
1558 5739 1676 5797 ternum
1697 5739 1850 5819 substituere

191 5820 422 5900 sumptuariis,
434 5820 693 5894 murraquidevusvt
703 5828 731 5876 ut
742 5815 918 5876 marmaritis
930 5829 993 5887 pro·
1048 5811 1158 5872 amanis
1179 5818 1306 5869 usitatum
1315 5810 1468 5884 colligimus
1488 5828 1520 5870 ea
1544 5810 1685 5879 Faustino,
1697 5823 1758 5882 cap.
1771 5823 1791 5878 t,
1807 5807 1852 5864 obt

423 5918 563 5983 Paaaot..
580 5915 622 5980 X.
1546 5905 1567 5972 6
