4209 6250
268 247 320 304 nst
1006 240 1190 301 astenoit.
1870 240 1922 297 728

269 366 337 422 tanti
358 365 447 423 Patris
459 377 552 423 contra
575 366 763 422 schismaticos
777 366 888 423 Grecos
913 365 1068 421 doctrinam
1120 363 1279 434 Hispaieoso
1294 363 1437 418 concilium
1451 360 1485 422 ll,
1504 376 1565 416 carr.
1590 361 1634 428 ts,
1654 357 1725 433 apud
1744 357 1919 431 aquirrium,

269 457 305 514 de
320 455 436 528 Spiritus
451 457 535 512 sancti
549 457 724 528 processione
737 471 770 512 ae
783 455 862 512 Patre
876 455 999 527 Filioque
1009 465 1068 512 tao·
1120 465 1187 512 torri.
1203 471 1242 521 ιιι,
1261 474 1287 526 p.
1302 454 1375 510 553:
1401 469 1472 508 roone
1491 467 1555 509 cecc
1575 467 1609 507 ex
1624 466 1658 509 co
1680 450 1823 525 rlcpcrdito
1838 466 1921 522 opere

269 564 351 622 quarn
372 549 450 607 unico
463 549 611 622 principiul
625 548 685 605 lam
702 564 766 605 veru
786 559 909 605 sunctum
934 548 1067 605 Hilarium
1120 546 1234 603 inustum
1248 546 1420 618 splendidum
1444 545 1578 601 aGrsecis
1600 552 1751 601 servatum.
1766 544 1818 617 (Hx
1832 542 1918 617 spiet-

269 641 479 699 commentarios
491 639 633 712 scripsisse
647 641 672 698 io
684 640 906 713 PauliEpistolas
916 641 1069 697 aiiirmabat
1120 640 1172 714 lep.
1186 640 1264 696 Horat.
1280 648 1346 694 torn.
1365 655 1400 706 rr,
1414 654 1442 710 p.
1455 639 1514 710 ts.)

273 791 1898 835 Μ

856 967 1335 1074 occumulat,

924 1172 1258 1191 Μ

552 1288 798 1376 JOANNIS
838 1194 1261 1378 CHRYSOSTOMI
1296 1283 1638 1372 TROMBELLI

274 1467 363 1589 ιιι
409 1468 963 1632 seoncurtem
1015 1464 1369 1596 uuonan
1412 1461 1920 1594 uprs'ronnon

943 1673 1259 1750 PRAEFATIO.

999 1808 1192 1868 4κῦκὺ

1089 1934 1275 2000 fleasersio,
1292 1948 1352 2005 nun
1363 1933 1514 2004 inepistola
1526 1931 1577 1987 lrac
1597 1931 1738 2002 allegatur.
1762 1928 1840 1985 Prosit
1858 1943 1925 2000 crgo

1124 2025 1255 2082 seculum
1266 2027 1423 2097 septimum,
1436 2040 1490 2096 qtro
1502 2024 1606 2081 scilieet
1618 2034 1742 2096 ternpore
1753 2026 1778 2080 in
1793 2023 1926 2080 Ecclesiis

531 1941 646 2001 CAPUT
665 1941 808 1999 PRIMUM.

272 2076 427 2167 lrr‘qttenont
444 2079 532 2135 codiee
545 2090 663 2152 reperto,
679 2091 704 2136 et
724 2081 828 2135 cuinam
846 2080 950 2156 (nostro
968 2079 1071 2148 ondens

306 2171 442 2243 renitentia)
460 2170 595 2226 tribuendo
607 2172 640 2227 sit
652 2187 696 2242 ea,
712 2189 789 2244 puoto
808 2188 877 2227 nunc
899 2171 1047 2244 euulpannts
1063 2213 1070 2238 ,

308 2262 426 2332 epistola.

1123 2119 1344 2177 Occidentallbus
1367 2120 1425 2177 lere
1446 2119 1572 2176 trrrrnibus
1595 2119 1709 2190 llnlpnta
1736 2119 1860 2175 invaluit,
1889 2121 1926 2173 nt

1123 2217 1210 2286 quarti
1226 2215 1319 2272 saculi
1341 2214 1504 2285 scriptorem
1528 2216 1595 2271 satis
1615 2213 1718 2269 indicat
1741 2210 1925 2269 summadili·

1122 2306 1225 2379 gentia,
1239 2314 1268 2362 et
1281 2306 1392 2361 enisum
1408 2304 1546 2372 studium,
1562 2319 1616 2376 quo
1638 2303 1720 2360 i'erbi
1745 2302 1831 2359 ditioi
1855 2317 1923 2357 con·

301 2398 1072 2472 i-Siesdiligeotia,qtraminperlustrandisliibliotbecns
1122 2401 1379 2465 substantialitatem
1394 2408 1476 2473 atque
1498 2396 1924 2461 aeternitatemstaltilircstudet,

271 2497 372 2547 nostra
384 2490 525 2548 codicibus
539 2492 661 2561 adhibui,
677 2492 795 2550 fructum
809 2510 863 2549 non
873 2494 961 2550 levem
977 2494 1070 2561 retuli,
1122 2504 1151 2550 et
1162 2491 1310 2558 inculcare,
1326 2492 1443 2563 ideoque
1457 2493 1586 2560 Arianos,
1603 2502 1630 2547 et
1639 2490 1825 2547 semiarianos
1838 2489 1924 2546 reici·

268 2596 351 2652 quum
370 2584 539 2654 superiorem
562 2584 683 2641 libellum
698 2588 801 2657 reperi,
817 2586 903 2642 multo
918 2587 1071 2643 uberiorem
1123 2588 1181 2644 lere
1195 2607 1203 2642 ε
1219 2587 1341 2658 praeterit
1355 2602 1420 2643 rero
1431 2587 1549 2643 naereses
1565 2586 1695 2655 deinceps
1708 2598 1828 2649 exortas,
1842 2593 1925 2655 atque

269 2691 336 2732 sane
349 2692 408 2731 som
422 2686 574 2743 assecutam,
590 2678 654 2734 dum
672 2678 790 2736 nobilem
810 2680 966 2751 epistolam,
989 2694 1071 2750 quam
1123 2680 1192 2737 adeo
1209 2680 1430 2737 Macedonianum
1447 2681 1532 2750 ipsam
1554 2678 1785 2738 semiarianorum
1801 2688 1924 2749 tempore

269 2766 330 2833 tibi,
340 2768 651 2838 humanissimebcctor,
665 2771 792 2839 exhibeo,
806 2771 1015 2829 inmemoranco
1025 2785 1072 2827 co·
1122 2773 1276 2841 celebrem
1293 2774 1349 2830 iroo
1374 2773 1408 2830 dc
1435 2772 1538 2844 Spiritu
1562 2773 1662 2830 Sarrmo
1685 2773 1799 2841 loquens
1824 2771 1856 2826 iis
1871 2768 1926 2825 uti·

270 2858 331 2916 dice
346 2861 502 2933 Hieronymi
521 2863 669 2940 epistolas,
686 2873 714 2919 ct
728 2865 856 2933 opuscula
872 2863 1072 2934 complectente
1124 2866 1449 2938 conlocutionibusque
1465 2859 1608 2937 postquam
1626 2864 1780 2921 lraeresisea
1795 2863 1892 2934 riguit,
1907 2877 1924 2918 a

270 2950 363 3008 invem
378 2953 427 3025 (a).
443 2952 531 3009 Nolim
555 2964 643 3010 lamen
669 2954 743 3009 illam
766 2954 934 3027 Hieronymo
952 2956 1068 3021 tribuas;
1123 2961 1182 3015 viro
1195 2958 1348 3025 Catlrolieo,
1365 2959 1455 3030 natalis
1472 2959 1565 3030 procul
1580 2957 1663 3015 dnbio
1676 2958 1846 3027 estscriptor
1859 2971 1926 3010 nos·

270 3043 358 3117 stylos
381 3046 455 3102 enirn
476 3060 535 3101 caro
552 3044 717 3117 Hieronymo
736 3046 888 3116 abjudicat,
904 3055 987 3117 atque
1003 3046 1071 3102 adeo
1123 3061 1175 3114 ter.
1193 3048 1316 3105 adbiberi
1332 3064 1385 3105 noo
1410 3050 1571 3120 potuissent.
1586 3048 1692 3120 Scripta
1706 3050 1797 3118 itaque
1809 3055 1851 3103 est
1864 3048 1925 3119 cpi·

271 3137 426 3204 Ambrosio,
440 3137 715 3208 nongentaeque
729 3151 827 3208 nempe
842 3138 922 3210 longe
935 3137 1069 3193 diuersam
1123 3143 1191 3199 stola
1216 3144 1283 3204 nme,
1310 3152 1455 3215 antequam
1479 3142 1653 3199 Macedoniae
1674 3157 1771 3198 novam
1796 3139 1924 3197 baeresim

270 3230 406 3287 seribendl
421 3233 555 3289 rationem
569 3232 653 3290 luisse
667 3242 848 3301 consecutos,
866 3230 1011 3289 manifesta
1025 3247 1070 3287 res
1122 3235 1262 3291 conderet.
1274 3234 1347 3290 inter
1361 3249 1408 3290 eos
1422 3250 1514 3306 porro,
1529 3249 1597 3307 qaros
1611 3250 1658 3307 per
1672 3250 1704 3291 ca
1719 3244 1839 3307 tempora
1863 3235 1924 3305 spi·

270 3333 323 3381 est.
338 3323 433 3380 Latiam
442 3325 568 3393 primitus
580 3327 721 3395 scriptam,
735 3338 788 3380 non
799 3338 834 3380 cx
848 3340 939 3396 praeco
954 3340 1107 3406 conver-C
1123 3326 1207 3382 stolas
1220 3326 1363 3397 scripsisse
1374 3327 1508 3392 rtorimus,
1523 3325 1640 3384 eti'erbi
1652 3325 1822 3382 diuinitatem
1841 3327 1923 3396 atque

271 3431 330 3472 sarn
345 3416 489 3487 epistolam
504 3414 587 3480 itanc,
599 3416 720 3474 ostendit
735 3418 838 3474 locutio
853 3418 910 3488 ipsa
924 3417 992 3473 nibil
1007 3434 1074 3483 prm·
1123 3422 1303 3475 aeternitatem
1319 3420 1484 3486 uindicasse,
1497 3421 1620 3476 eminent
1642 3419 1761 3476 Hilarius
1771 3419 1925 3477 Pietation·

271 3508 474 3567 citatislnbcns
489 3528 496 3565 :
513 3511 624 3566 latinum
638 3527 746 3582 quoque
760 3509 921 3582 scriptorem
934 3511 1021 3566 innuit
1039 3525 1071 3567 ea
1123 3512 1163 3567 sis
1173 3511 1223 3584 (il,
1239 3522 1267 3568 et
1278 3511 1413 3568 Eusebius
1430 3512 1609 3568 vercellensis
1621 3512 1670 3585 (c).
1689 3514 1725 3569 At
1738 3514 1761 3567 si
1787 3512 1849 3583 quis
1863 3512 1922 3583 epi-

272 3601 420 3675 Scriptnrae
431 3604 532 3671 versio,
548 3618 628 3675 quarn
640 3603 784 3675 seponitur:
801 3603 901 3673 quippe
914 3611 960 3657 ant
975 3601 1072 3658 italice
1124 3604 1221 3661 stolam
1235 3601 1306 3659 bunc
1322 3619 1384 3658 eum
1400 3603 1434 3660 iis
1450 3604 1650 3675 comparaverit
1666 3603 1774 3660 Eusebii
1789 3603 1922 3675 epistolis,

270 3699 328 3770 ipsa
343 3707 410 3755 esta
426 3698 562 3755 scleribus
577 3712 649 3771 supe
663 3696 781 3762 laudata,
793 3705 839 3752 aut
853 3697 905 3751 alia
918 3696 1021 3751 italice
1031 3696 1072 3752 al·
1123 3710 1191 3764 qrras
1204 3695 1337 3752 Batonius
1352 3695 1501 3767 evulgavit,
1519 3694 1664 3752 manifesto
1681 3693 1799 3763 ridebit,
1814 3710 1875 3751 carn
1888 3694 1924 3752 ab

270 3794 344 3857 linis,
361 3794 419 3864 ipsa
431 3806 541 3863 quoque
561 3807 577 3847 a
590 3791 730 3848 veteribus
751 3791 840 3848 latinis
855 3790 982 3847 Patribus
997 3805 1071 3863 sarpe
1124 3787 1235 3844 Husclrii
1248 3788 1320 3861 stylo
1342 3788 1437 3845 abesse
1451 3788 1616 3855 plurimum,
1633 3788 1763 3844 accedere
1785 3798 1876 3843 autem
1888 3787 1923 3843 ad

200 3921 209 3940 t
269 3886 402 3943 adhibita.
419 3889 454 3941 nt
468 3900 529 3941 cum
548 3894 647 3955 praeter
658 3884 864 3957 Hieronymum,
882 3884 1070 3950 thbrosium,
1123 3895 1183 3937 cam
1197 3881 1325 3953 loquendi
1339 3884 1491 3949 rationem,
1508 3897 1588 3952 quarn
1601 3881 1722 3937 Hilarius
1737 3879 1851 3937 inlibris
1866 3881 1923 3937 suis

269 3988 298 4035 et
310 3978 491 4049 noposrioon
503 3978 583 4048 (patos
594 3975 704 4046 quidem
718 3976 830 4045 injussus
839 3976 962 4047 epistotae
976 3984 1069 4030 attolat·
1124 3984 1296 4030 consectatus
1308 3984 1351 4030 est
1367 3993 1373 4029 :
1389 3984 1471 4045 atrpae
1481 3975 1551 4032 adeo
1564 3976 1591 4032 in
1601 3991 1635 4032 eo
1647 3970 1876 4032 tantummodo'ab
1889 3976 1924 4030 iis

270 4084 316 4126 res
331 4067 411 4126 lateri
421 4076 504 4136 vetat,
517 4067 556 4124 uti
568 4066 697 4134 diximus,
709 4066 820 4137 scriptio
832 4066 916 4138 ipsa),
926 4067 1070 4124 moltilus·
1123 4064 1245 4130 differre.
1259 4066 1330 4139 qrrod
1346 4066 1364 4121 ii
1378 4075 1472 4138 tityrote
1481 4067 1603 4125 oratorio
1613 4069 1683 4141 stylo
1698 4068 1851 4139 compositi,
1864 4067 1924 4124 ela-

269 4164 325 4220 riot
338 4162 413 4217 latini
426 4161 532 4229 Patres,
548 4161 594 4232 qrri
609 4159 715 4216 litteras
729 4161 909 4231 scripserint,
928 4160 1069 4232 inquiren·
1124 4160 1208 4214 tiores
1219 4159 1285 4227 sint,
1298 4172 1336 4214 'ae
1349 4160 1538 4225 strblimiores;
1554 4161 1666 4232 epistola
1680 4177 1747 4219 rere
1763 4166 1819 4218 liae
1833 4162 1923 4218 ltnon-

269 4255 334 4313 dum
346 4265 389 4311 est
402 4254 496 4322 nobis,
510 4253 554 4311 coi
567 4252 712 4325 epistularu
729 4251 799 4308 itane
814 4252 977 4310 tribuamus.
1123 4248 1153 4318 tt,
1171 4250 1276 4306 tametsi
1287 4260 1396 4318 ornato,
1408 4265 1440 4306 ac
1453 4253 1566 4322 tntillum
1577 4255 1687 4309 exercito
1696 4256 1850 4326 conscripta
1863 4256 1898 4310 sit
1914 4273 1920 4308 :

1122 4340 1194 4414 qnod
1209 4343 1305 4398 mirum
1322 4358 1376 4398 non
1392 4351 1450 4410 cst;
1466 4343 1546 4416 brtjns
1561 4343 1632 4402 orodi
1647 4347 1720 4401 enirn
1735 4344 1862 4417 loquendi
1875 4363 1922 4418 ye-

304 4434 333 4491 2.
344 4433 498 4506 Asmurnam
516 4432 627 4504 Vulgata
654 4430 803 4488 bibliorum
824 4432 1015 4503 interpretatio
1035 4434 1071 4490 nb
1123 4449 1174 4489 rarus
1186 4436 1310 4504 epistole
1322 4436 1362 4492 illi
1375 4440 1513 4509 congruit,
1533 4455 1594 4510 qnae
1610 4439 1636 4495 in
1651 4439 1844 4497 Ecclesiastico
1855 4457 1921 4498 con·

270 4526 402 4585 Ecclesiis
416 4527 593 4598 reciperetur,
608 4538 668 4580 enm
684 4522 769 4580 luisse
780 4524 961 4594 compositam
973 4566 981 4591 ,
994 4540 1070 4581 corn·
1122 4535 1202 4580 tentu
1217 4527 1253 4581 ad
1267 4526 1444 4597 plurimorum
1458 4530 1641 4587 cruditionem
1657 4533 1768 4605 legenda
1784 4531 1854 4590 ieret
1866 4534 1919 4610 (dl.

267 4620 454 4694 pertissimum
468 4627 534 4690 puto
548 4631 559 4673 τ
573 4614 666 4673 differt
677 4616 749 4670 enim
764 4614 911 4685 plurimum
926 4632 941 4670 a
954 4615 1068 4688 Vulgata
1121 4620 1214 4693 Neque
1226 4638 1292 4680 sane
1303 4636 1414 4681 auctore
1428 4626 1473 4683 illo
1483 4626 1594 4700 indigna
1605 4637 1657 4698 est,
1671 4630 1706 4687 de
1719 4645 1772 4702 quo
1785 4631 1844 4688 lnce
1855 4630 1919 4689 Hiu-

306 4803 350 4931 (οὲ
359 4800 454 4858 Codex
469 4800 520 4855 iste
534 4797 562 4878 in
576 4805 683 4851 vetusto
696 4795 847 4851 intentario
859 4804 901 4877 cst
917 4796 1019 4864 positus
1034 4812 1063 4851 n.
1078 4806 1105 4867 D
1118 4815 1146 4853 ιι.
1162 4799 1234 4856 suet
1244 4813 1369 4872 sequent.
1384 4814 1412 4862 et
1427 4804 1612 4874 pretationem
1628 4807 1819 4867 adedyrlppem
1832 4807 1918 4868 pepo.

267 4878 314 4934 at.
354 4890 405 4930 nare
420 4879 538 4940 recesst
552 4885 578 4922 ro
591 4868 682 4938 pluteo
693 4868 762 4922 rvad
777 4867 869 4922 lassam
885 4883 910 4920 ιιι
926 4877 1002 4935 parte
1017 4883 1061 4921 so·
1118 4886 1180 4928 oen.
1194 4871 1287 4928 Hilarii
1301 4889 1360 4944 pag.
1370 4876 1399 4941 8,
1412 4892 1439 4930 n.
1453 4876 1498 4933 24.
1684 4887 1691 4897 ·

268 4949 376 5020 perterre
385 4942 480 5015 plutei.
493 4939 589 5004 ltroipit
598 4952 686 4992 veron
701 4937 780 5004 libro,
792 4951 871 5009 quiem
884 4936 1066 5009 Hieronymus

269 5021 389 5076 oduusm
409 5011 579 5067 tentoriorum
594 5010 718 5079 scripsit.
734 5010 827 5075 Hanc,
846 5022 926 5079 qnam
941 5006 1064 5075 edirnos,

269 5088 410 5162 epistolam
425 5082 519 5150 babes,
534 5095 595 5154 pag.
611 5079 673 5136 trs.
772 5137 777 5144 ,

1151 4965 1193 5049 ld)
1209 4967 1314 5023 llumile
1336 4970 1471 5026 scribendi
1485 4986 1571 5042 perros
1595 4973 1730 5030 intertium
1756 4976 1782 5031 in
1796 4977 1918 5050 epistolis

1118 5051 1175 5092 stns
1196 5047 1368 5105 persecutum
1391 5040 1474 5098 luisse
1498 5041 1644 5110 Hilarium,
1670 5048 1751 5104 tradit
1769 5047 1811 5102 iris
1827 5049 1917 5105 rcrbis

540 5174 545 5186 ι
673 5173 679 5184 ι
801 5174 806 5184 ⁸
852 5172 858 5184 υ
984 5173 990 5184 .
1119 5108 1261 5175 Batonius,
1272 5110 1307 5166 de
1320 5110 1433 5179 epistola
1448 5112 1541 5168 Hilarii
1556 5114 1589 5169 ad
1601 5115 1681 5171 liliam
1698 5117 1853 5189 loquensad
1867 5135 1913 5174 an.

304 5173 633 5256 lilHonnuHascprstolas
644 5172 767 5255 iutmeab
777 5170 1065 5255 litlarroconserrptas‚
1119 5179 1181 5245 555,
1197 5198 1224 5234 u.
1239 5182 1289 5235 lt:
1308 5180 1402 5237 Videor
1419 5185 1445 5237 in
1457 5199 1487 5238 es
1497 5184 1582 5239 uirum
1592 5187 1791 5255 sursrtissimann,
1809 5192 1918 5259 puriter·

266 5253 348 5310 docet
358 5249 546 5319 Hieronymus,
557 5245 603 5328 itb.
613 5244 644 5299 tle
657 5242 954 5327 Vtr·tssllustrrlrus·,eap.
970 5245 1012 5328 ll),
1022 5243 1066 5299 bis
1119 5268 1168 5320 qne
1176 5251 1421 5321 eloquentissimum,
1433 5256 1528 5326 stplrrnt
1538 5273 1613 5312 sonna
1624 5269 1718 5315 nature
1731 5261 1864 5316 subliment
1874 5265 1916 5318 in·

269 5322 369 5387 oerots,
382 5317 556 5375 oonrrulloeud
567 5316 681 5370 donnaus
694 5314 827 5385 epistole:
848 5316 939 5370 Hilaro
951 5330 1024 5371 ettrm
1038 5324 1066 5370 ct
1119 5323 1217 5376 clinare
1231 5324 1333 5390 puelle,
1349 5334 1374 5381 et
1387 5324 1420 5378 de
1433 5328 1560 5381 irralnatrio
1574 5330 1694 5385 numilem
1709 5332 1817 5387 redum
1839 5345 1916 5403 utque

268 5395 380 5469 [luscinii
396 5388 574 5446 vercellensis
591 5386 725 5456 Epistulas
747 5386 782 5441 de
802 5386 980 5455 scriptoribus
1003 5385 1066 5442 iilo-
1118 5392 1153 5447 ud
1163 5395 1366 5461 persuadendum
1379 5398 1493 5470 facilem,
1506 5400 1718 5469 sirtrpticiltuspue
1734 5377 1848 5473 Hirpinis
1864 5422 1915 5459 aar·

267 5482 328 5522 rum
344 5473 494 5533 temporum
515 5459 653 5513 disserens
668 5498 676 5520 .
705 5459 892 5512 tantummodo
911 5466 1064 5514 memorat:
1118 5462 1189 5517 rinna
1209 5467 1414 5528 occorrrmodare.
1431 5468 1493 5526 lllas
1508 5485 1573 5525 vero
1588 5472 1719 5542 epistolas
1732 5488 1793 5544 quse
1805 5475 1839 5529 ad
1852 5492 1914 5532 corn

178 5580 180 5584 .
268 5538 451 5602 scdexpresse
462 5530 573 5586 iddocct
581 5528 717 5598 Sulpicius
726 5528 855 5592 Severus,
864 5528 933 5583 libro
945 5528 1065 5598 nhisto.,
1118 5534 1199 5589 liorem
1213 5538 1420 5603 scribebantur,
1438 5551 1466 5593 nt
1487 5541 1512 5594 io
1528 5542 1720 5600 ecelesiasticis
1734 5547 1916 5602 crannenritros

267 5622 328 5678 cap.
340 5605 374 5661 b'l
390 5622 397 5659 z
414 5597 630 5676 Hosiuslioquit)
644 5600 788 5655 centenario
798 5594 881 5673 ntajnr
892 5599 931 5673 (stt
942 5598 973 5654 S.
985 5598 1065 5656 litto·
1119 5606 1223 5673 publice
1237 5608 1399 5676 loger-rotor,
1414 5620 1525 5667 ornans
1541 5614 1632 5681 luisse,
1648 5628 1730 5685 atque
1742 5619 1875 5680 excultas,
1891 5617 1916 5672 is

268 5669 731 5760 cirillae-pistullarelertldslirctolt·
846 5745 848 5751 γ
1117 5675 1342 5759 inscite-fatebitur,
1358 5681 1403 5751 qui
1417 5686 1449 5735 nd
1469 5685 1622 5752 lrulusrnodi
1640 5687 1743 5744 litteras
1758 5687 1915 5763 (dequibus

303 5745 341 5814 le)
354 5731 489 5813 linoque
499 5739 579 5798 docet
591 5738 722 5799 Bnrotnus
733 5740 766 5799 ad
778 5756 879 5798 autorum
888 5739 1064 5810 connisus,
1117 5749 1207 5820 aitqua
1221 5765 1282 5807 runs
1296 5751 1429 5824 dicernusl
1443 5754 1563 5812 animum
1572 5754 1707 5814 advertet.
