4209 6250
301 316 355 378 'ff'f
900 310 1024 371 sltttttt
1043 308 1174 370 ttttttut
1193 308 1347 372 sttscoet
1902 304 1955 375 'tte

301 432 399 487 mulum
411 438 449 486 rat
461 427 652 499 (Ecclesiaste.
672 441 777 495 rursu,
794 425 855 498 15).
870 425 907 484 Et
925 442 986 501 quac
1001 427 1023 483 cl
1038 442 1102 484 nus·
1114 429 1142 491 Α
1154 429 1325 501 comprobari
1339 446 1347 498 ;
1361 441 1422 486 enm
1447 428 1481 485 ab
1502 427 1569 503 ipsis
1590 429 1667 502 prius
1686 429 1787 489 mentis
1801 431 1956 505 requiratur

303 536 383 596 quam
398 530 588 594 comparentur
599 520 650 577 sibi
669 538 676 576 ε
694 519 757 576 boni
770 520 990 577 tutelasertatur
1001 520 1064 577 189.
1156 524 1317 595 integritas,
1331 538 1495 594 quamquam
1520 538 1570 579 nee
1589 522 1617 579 in
1639 538 1754 595 corpore
1767 502 1880 581 omnino
1893 542 1956 583 exa·

341 616 435 673 xvtlt.
450 613 624 672 Continentia
637 611 719 685 igitur
732 612 857 669 docenda
871 623 913 671 cst
932 622 960 671 et
986 612 1102 671 tenenda
1155 615 1254 672 minari
1278 615 1395 686 possint.
1410 614 1468 670 lion
1483 613 1556 670 enim
1580 615 1754 672 conscientie
1771 613 1891 675 latebras
1905 618 1956 674 lto·

306 711 333 766 in
343 707 422 765 malis
436 707 529 763 rebus.
545 705 575 762 ln
588 706 668 763 bonis
678 705 794 762 aridius
806 705 937 778 exigenda
951 714 1003 763 est.
1018 704 1103 761 ftauid
1156 708 1275 765 minibus
1289 707 1379 773 scire,
1401 719 1446 764 aut
1461 706 1565 765 nudare
1581 704 1742 778 permissum
1761 717 1820 775 est,
1847 708 1958 767 dicente

302 800 458 873 pronuntiat
475 808 503 856 et
533 799 614 856 docet
633 797 727 856 dicens
746 797 834 875 (Prot.
849 815 908 868 cra,
926 797 961 873 1)
977 816 985 856 :
1007 798 1103 856 Brutus
1157 801 1294 873 Scriptura
1309 800 1336 873 (l
1349 800 1412 873 fleg.
1428 806 1492 869 sut,
1505 802 1555 874 'lit
1572 799 1657 856 Homo
1667 799 1735 857 ridet
1749 802 1776 856 iu
1787 802 1866 876 pecie,
1884 802 1958 858 fleas

301 893 350 960 uir,
364 893 410 963 qui
424 893 496 947 timet
515 890 656 948 Dominum
672 907 681 948 .·
695 892 723 947 ln
740 894 870 950 mundetis
882 880 941 965 eitra
955 893 1039 968 cupiet
1061 893 1103 949 nl·
1155 908 1240 952 cutem
1252 896 1281 950 in
1297 896 1384 952 corde.
1402 893 1475 952 fferre
1487 894 1559 952 sofar
1569 896 1660 950 inlicta
1673 904 1698 951 et
1709 904 1806 951 secretu
1818 897 1957 966 conspicit.

301 988 360 1043 nris.
377 987 443 1043 item
456 986 641 1042 continentem
661 985 763 1043 debere
777 999 838 1042 esse
854 986 881 1040 tn
895 986 991 1055 matis,
1011 995 1038 1043 et
1051 1001 1102 1058 an·
1156 989 1209 1048 Sed
1224 989 1367 1047 manifesta
1381 997 1425 1046 est
1438 1004 1491 1047 ror
1507 989 1613 1045 bomini
1626 989 1761 1046 monentis
1772 989 1784 1063 1
1793 988 1889 1046 Matre.
1901 1006 1956 1061 m,

301 1089 438 1153 petentem
462 1081 595 1137 bonorum
610 1123 616 1147 ‚
632 1081 659 1135 ln
673 1078 728 1136 alio
741 1089 892 1152 premonet
913 1079 1036 1151 psalmo,
1063 1079 1103 1136 sic
1156 1086 1204 1159 99)
1221 1086 1406 1159 :Afrortibtts
1419 1104 1509 1143 aarum
1530 1088 1689 1162 cognoscetis
1711 1105 1764 1147 ecs.
1784 1087 1813 1145 st
1827 1087 1958 1145 conside·

299 1175 392 1233 dicenl
421 1174 509 1249 (Plal
530 1189 632 1241 mm,
654 1173 688 1229 11
703 1190 732 1243 ,²1
756 1171 864 1229 0011199
887 1172 1004 1244 ‘festam
1032 1180 1103 1227 tunm
1155 1181 1239 1249 retis,
1259 1179 1347 1253 qualis
1362 1194 1459 1237 eorum
1474 1192 1614 1253 aspectus;
1629 1196 1711 1255 quarn
1726 1181 1833 1238 turbata
1848 1181 1959 1252 frome,

300 1289 317 1326 tt
328 1270 408 1338 malt),
420 1279 443 1324 ef
451 1268 571 1325 lobiotuu
578 1285 609 1323 tte
617 1267 754 1338 1099991111
760 1266 895 1322 ftttflft'oftt.
904 1262 1006 1320 Ebt‘ffla
1019 1266 1100 1331 malo,
1155 1288 1236 1345 quam
1256 1272 1437 1331 inverecunda
1457 1276 1625 1348 respiciunt3
1644 1283 1775 1344 quantum
1793 1274 1915 1332 audacioe
1928 1275 1960 1332 in

300 1368 378 1437 atsur
392 1364 713 1435 bonum5quaerepuoerrt,
744 1368 768 1415 et
788 1358 950 1431 consequeris
965 1375 1020 1415 eom
1036 1356 1100 1415 ttb.
1157 1367 1252 1431 vultu,
1280 1377 1410 1439 quantum
1432 1369 1594 1424 constantie
1619 1377 1726 1440 gerunt,
1750 1366 1902 1440 impudicus
1929 1370 1959 1424 in

336 1455 409 1515 xtx.
426 1456 517 1513 Placet
531 1455 612 1513 etlam
626 1454 660 1510 tle
673 1451 874 1510 continentibus
884 1449 1011 1507 90919119
1027 1450 1077 1506 191
1093 1464 1100 1504 ²
1155 1461 1314 1533 quibusdam
1329 1461 1429 1530 cultus,
1445 1472 1473 1518 et
1488 1462 1628 1519 affectatus
1647 1461 1769 1520 incessus
1786 1460 1959 1536 professione

299 1554 401 1611 multus
414 1552 486 1609 enint
500 1551 581 1609 rideo
595 1550 670 1622 juxta
689 1549 908 1619 cunjunctionem
930 1547 1100 1620 coniugalem
1152 1553 1289 1623 jactantiae
1299 1553 1360 1611 199.
1377 1553 1411 1610 Et
1424 1553 1458 1609 ad
1472 1554 1522 1610 ltoc
1538 1553 1691 1626 lrujrtsrnodi
1708 1553 1884 1627 professionis
1899 1553 1960 1611 rel·

299 1647 471 1703 continentes
494 1642 683 1700 tantummodo
698 1641 750 1699 199
765 1641 857 1710 ,etin
877 1640 989 1713 reliquis
1011 1639 1100 1696 conti·
1154 1646 1193 1702 uti
1207 1646 1316 1704 deuotio
1345 1645 1479 1718 procedit,
1495 1655 1524 1703 ut
1536 1656 1647 1720 propter
1660 1662 1770 1715 nornen,
1784 1647 1855 1718 quod
1866 1646 1959 1703 solum

299 1740 398 1797 nentlae
414 1740 535 1812 partibus
560 1737 709 1804 omnibus,
734 1734 882 1807 gentilibus
906 1748 970 1791 esse
986 1732 1102 1791 deterri·
1154 1748 1275 1811 portant,
1287 1740 1461 1812 uirginitatis,
1473 1739 1632 1811 appetibiles
1646 1738 1720 1795 flatu.
1733 1737 1799 1795 lnde
1812 1749 1864 1805 est,
1881 1736 1958 1811 qnod

299 1848 369 1891 mos.
389 1833 418 1890 Si
438 1832 511 1890 enim
533 1831 707 1898 consideres,
724 1827 928 1902 quamplurimi
950 1829 1058 1884 illorum
1074 1835 1102 1884 ct
1116 1833 1141 1895 Β
1156 1848 1187 1889 se
1201 1834 1340 1899 indicant,
1362 1849 1424 1890 cunr
1448 1848 1478 1890 se
1500 1834 1589 1890 celare
1602 1832 1773 1899 debuerant,
1794 1831 1850 1889 [leo
1877 1832 1959 1888 erbi-

298 1927 419 1984 iracundi
431 1936 511 1993 sunt,
529 1934 557 1982 ct
569 1923 688 1990 ebriosi,
702 1931 730 1979 et
750 1936 897 1995 procaces,
922 1930 950 1978 et
967 1920 1099 1992 superbi,
1152 1927 1248 1982 beutes
1263 1924 1450 1981 tantummodo
1464 1925 1623 1996 obsequium
1639 1940 1735 1991 suum,
1761 1939 1777 1980 a
1796 1939 1850 1991 quo
1862 1940 1957 1981 muru·

298 2032 323 2078 ct
345 2036 380 2078 ea
405 2020 493 2076 forma
512 2016 596 2073 veluti
611 2014 787 2074 continentias
810 2013 899 2087 magis
918 2010 1021 2081 iubati,
1038 2027 1100 2084 per·
1152 2019 1323 2075 uenationem
1338 2016 1466 2089 pudicitia
1490 2025 1582 2087 sperat
1603 2015 1668 2074 999.
1693 2015 1758 2073 ideo
1771 2014 1901 2088 ingressae
1922 2016 1959 2073 qq.

298 2128 442 2181 cessores,
457 2110 607 2177 maledici,
631 2108 739 2181 cupidi,
765 2106 879 2175 tumidi,
914 2106 1028 2162 multum
1047 2104 1100 2161 slbi
1151 2110 1430 2166 ntinadomusliclad
1445 2109 1956 2181 orationesintecturapiteinitiautur,

298 2204 453 2276 placentes,
474 2212 505 2260 ut
524 2203 611 2271 tnagis
621 2200 742 2271 judices,
757 2199 831 2255 lllam
854 2199 959 2270 ipsam,
973 2210 1055 2269 quent
1070 2208 1100 2252 se
1151 2205 1363 2273 interpretantes
1389 2202 1550 2275 Apostolum
1575 2202 1782 2276 (cobibentdtns
1810 2213 1958 2276 corrupto-

296 2297 438 2370 profumnt
448 2296 551 2355 babere
563 2294 615 2352 tet
627 2291 837 2360 continentiam,
852 2290 976 2347 fomitem
987 2297 1015 2346 ct
1026 2288 1100 2345 flam·
1151 2296 1225 2352 ribus
1235 2294 1308 2368 anisi
1323 2296 1358 2353 de
1367 2296 1526 2354 mulieribus
1535 2295 1679 2365 maritatis,
1692 2312 1747 2353 nou
1757 2295 1792 2353 de
1802 2297 1955 2369 uirginibus

297 2411 389 2461 marn,
404 2404 432 2450 et
446 2391 590 2448 materiam
612 2389 700 2462 magis
713 2386 851 2445 criminum
876 2383 1100 2442 subministrasse
1150 2391 1278 2448 statuisse
1293 2409 1300 2447 :
1318 2391 1472 2448 nescientes
1491 2390 1564 2464 quod
1579 2390 1678 2462 ubique
1696 2390 1832 2447 masculos
1854 2392 1955 2462 cnjus-

299 2488 361 2544 tttt,
375 2485 443 2543 cnm
465 2487 557 2555 ntique
577 2483 637 2539 lure
664 2482 838 2554 praesecanda
860 2480 936 2549 sint,
959 2478 1099 2552 inquibus
1151 2486 1216 2542 libet
1226 2485 1316 2542 aetatis
1333 2484 1411 2541 Viros
1434 2478 1556 2541 nominat
1569 2502 1576 2551 ;
1589 2500 1686 2543 omnes
1700 2485 1814 2543 feminas
1831 2484 1955 2542 lfafierir

295 2580 417 2654 quotidie
431 2579 678 2652 reprehendimur,
699 2588 726 2636 ct
738 2589 802 2635 tunc
817 2578 902 2651 magis
917 2576 945 2633 in
960 2576 1023 2634 aliis
1037 2593 1099 2635 utu·
1114 2588 1117 2595 '
1149 2579 1335 2653 appellatione
1354 2578 1498 2653 designat.
1511 2578 1576 2637 Scio
1597 2594 1644 2638 me
1661 2593 1802 2636 excessum
1823 2579 1954 2637 fecissea

295 2676 374 2734 nibus
384 2674 458 2731 vittis
473 2674 560 2730 virtus
571 2672 747 2729 continentie
762 2670 905 2728 retinenda
920 2687 926 2723 :
942 2670 1016 2726 etad
1031 2684 1098 2725 con·
1150 2674 1289 2745 proposito
1302 2682 1418 2731 tractatu
1433 2672 1611 2731 continentiae
1631 2688 1639 2740 ;
1661 2672 1708 2729 sed
1729 2674 1882 2730 necessarie
1898 2690 1906 2729 a
1922 2682 1954 2730 ut

294 2769 505 2829 summationem
524 2782 577 2824 non
597 2768 753 2837 cunjunctio
771 2764 943 2838 respuenda,
956 2762 1005 2822 sed
1020 2763 1099 2838 pudi·
1149 2765 1277 2838 deinceps
1288 2781 1383 2823 omines
1398 2764 1523 2823 homiues
1537 2765 1683 2838 cujuslibet
1695 2781 1776 2823 sexus
1788 2767 1866 2838 plena
1882 2783 1954 2823 con·

296 2866 362 2920 cilia
384 2860 568 2934 praeponenda
583 2868 635 2917 est.
659 2857 727 2915 flant
748 2874 810 2914 cum
836 2855 976 2929 apostolus
995 2853 1098 2912 Paulus
1149 2860 1262 2917 tinentia
1274 2859 1346 2916 docti
1360 2860 1462 2927 sciant,
1476 2867 1505 2915 et
1513 2860 1611 2932 quibus
1623 2875 1654 2917 se
1669 2859 1830 2931 abstineant,
1848 2870 1954 2934 etque

294 2957 432 3016 Ecclesias
453 2962 660 3020 commoneret,
688 2969 743 3009 non
769 2953 929 3008 uniformem
959 2950 1098 3007 mandavit
1152 2951 1269 3008 debeant
1296 2952 1515 3017 custodirezaut
1532 2952 1598 3009 siin
1614 2969 1666 3010 una
1694 2953 1804 3024 speeie,
1826 2954 1955 3024 quotibet

294 3051 500 3118 continentiam,
514 3048 562 3106 sed
581 3047 608 3103 in
620 3046 718 3120 quibus
731 3046 883 3118 appetenda
894 3054 923 3102 et
934 3043 1097 3101 invenienda
1148 3060 1250 3114 genere
1275 3045 1450 3102 continentie
1467 3046 1548 3102 luerit
1568 3046 1745 3116 observatur,
1760 3062 1811 3104 nec
1828 3046 1862 3103 ad
1883 3047 1954 3104 alias

296 3149 349 3215 sit,
366 3148 406 3202 sic
425 3144 529 3201 monuit
546 3142 639 3199 dicens
657 3158 664 3195 ε
681 3139 715 3198 llt
730 3141 783 3208 rit,
810 3140 898 3211 lnquit
918 3137 945 3211 (l
960 3137 1021 3195 Cor.
1041 3154 1095 3207 un,
1149 3139 1215 3195 velit
1230 3140 1349 3194 ruunitns
1359 3139 1502 3207 accedero,
1517 3153 1571 3195 non
1584 3155 1614 3196 se
1621 3139 1708 3211 iactet
1720 3139 1747 3196 in
1759 3155 1875 3202 numero
1888 3156 1953 3199 esse

294 3242 357 3314 df),
371 3249 459 3297 scorto
480 3252 589 3309 corpore
611 3245 635 3292 et
663 3235 757 3309 spiritu
775 3234 929 3292 :deliniens
956 3249 1011 3290 non
1034 3247 1096 3290 esse
1110 3222 1133 3288 C
1148 3232 1345 3289 continentium
1362 3248 1417 3289 :ue
1430 3241 1457 3289 ct
1470 3233 1556 3305 ipsam
1570 3243 1686 3305 partem,
1701 3233 1727 3290 in
1739 3250 1792 3307 qua
1804 3235 1855 3292 sibi
1869 3235 1953 3307 plau·

293 3337 500 3400 continentem,
516 3333 561 3404 qui
577 3345 631 3387 non
647 3337 763 3401 utraque
786 3339 864 3401 parte
888 3327 1096 3385 continentissi-
1148 3326 1248 3393 debat,
1263 3326 1447 3383 obstinatione
1464 3327 1590 3384 rideatur
1609 3327 1745 3387 amittere.
1759 3328 1833 3402 ttrgo
1846 3330 1893 3402 qui
1916 3329 1954 3388 ad

295 3445 356 3487 ntus
369 3425 564 3499 comprobatus
586 3423 622 3480 sit
648 3420 712 3478 195.
727 3420 828 3478 llultos
847 3419 891 3477 rel
907 3420 1039 3492 plurimos
1056 3420 1097 3475 sic
1147 3418 1342 3473 courtinentiam
1357 3417 1484 3488 docetur,
1502 3430 1530 3476 et
1543 3421 1602 3475 autt
1612 3419 1760 3491 accedere,
1776 3438 1830 3484 uon
1845 3421 1873 3478 iu
1886 3439 1954 3479 cor-

295 3522 411 3593 llagrare
429 3517 578 3591 cupiditate
580 3555 637 3575 .....
662 3515 743 3573 sicuti
765 3516 855 3572 oritus
869 3514 966 3583 docet,
982 3524 1011 3570 ut
1033 3515 1093 3571 uni·
1148 3526 1216 3583 porc
1229 3553 1236 3578 ‚
1249 3520 1296 3567 ant
1313 3511 1340 3567 iu
1355 3526 1408 3569 una
1423 3523 1500 3585 partu
1520 3514 1644 3585 corporis
1664 3513 1850 3572 tantummodo
1869 3515 1955 3574 debet

293 3630 373 3673 versa
385 3629 487 3687 genera
500 3625 640 3683 poenarum
659 3608 767 3682 perpeti
790 3607 897 3676 uelint,
922 3607 967 3664 uel
993 3623 1093 3680 quam·
1147 3605 1343 3660 continentiam
1356 3618 1491 3674 querere,
1508 3604 1556 3660 sed
1572 3604 1599 3660 iu
1613 3614 1671 3662 toto
1683 3608 1767 3662 animi
1778 3619 1869 3674 mutu,
1882 3623 1953 3666 con·

293 3711 360 3768 libet
376 3708 508 3767 Ecclesiae
532 3706 694 3763 esculentiam
710 3701 866 3768 sttslincte,
882 3717 994 3773 quamn
1016 3701 1096 3758 fami·
1149 3698 1270 3753 tinentiae
1291 3696 1373 3754 debet
1400 3697 1608 3755 obseruationes
1631 3713 1791 3770 agnoscere.
1812 3699 1878 3756 Nam
1904 3699 1954 3774 qui

293 3797 355 3853 llari
379 3792 589 3851 conuersatione
626 3789 799 3847 discedere:
829 3788 985 3844 nescientes
1010 3786 1096 3841 Deum
1148 3789 1315 3846 iracundiam
1325 3789 1440 3856 retinet,
1464 3792 1488 3846 is
1501 3789 1589 3862 magis
1616 3799 1658 3846 est
1682 3791 1846 3862 continens,
1868 3808 1954 3865 quarn

294 3890 437 3962 prescium
445 3886 548 3943 dixisse
563 3884 597 3941 de
608 3883 709 3940 talibus
722 3881 830 3956 (lfottb.
843 3895 871 3948 r,
885 3880 933 3952 98)
947 3900 954 3935 2
971 3879 1098 3948 Quicum·
1148 3885 1195 3956 qui
1212 3883 1330 3955 linguam
1344 3899 1361 3939 a
1374 3881 1507 3951 conuicio,
1524 3898 1539 3939 a
1554 3883 1699 3942 maledicto
1711 3927 1720 3954 ,
1731 3901 1749 3940 a
1760 3885 1951 3958 detractione,

294 3998 343 4055 que
356 3979 497 4052 respexerit
508 3978 641 4033 mulierem
656 3977 691 4031 od
705 3973 938 4048 concupiscendum
950 3992 1024 4045 eupr,
1039 3977 1096 4047 jum
1148 3975 1329 4042 amendacio,
1353 3990 1369 4028 a
1394 3973 1514 4047 perjurio
1538 3982 1566 4031 et
1588 3990 1605 4030 a
1623 3975 1730 4034 ceteris
1754 3977 1852 4052 linguae
1866 3978 1955 4037 malis

293 4077 433 4133 murentur
447 4084 484 4129 cst
503 4089 559 4127 eona
571 4073 599 4125 ln
619 4070 765 4126 cordetuo.
781 4067 839 4123 Nun
862 4077 975 4139 possunt
1000 4066 1096 4140 buius·
1149 4066 1292 4125 affectibus
1305 4066 1452 4124 subtrabit.
1467 4067 1519 4138 Qui
1538 4067 1625 4139 ipsum
1637 4069 1755 4144 denique
1773 4071 1920 4146 cogitatum
1935 4087 1955 4129 a

294 4168 368 4227 modi
382 4182 512 4225 excusare
525 4163 633 4235 euripum
651 4177 743 4228 suam,
765 4160 837 4233 qnod
858 4177 913 4217 non
936 4161 969 4218 ad
992 4178 1095 4218 concu-
1148 4167 1205 4214 tota
1218 4161 1336 4231 nequitia
1352 4160 1497 4229 compescit
1511 4201 1519 4227 ,
1533 4160 1644 4218 etomui
1659 4160 1927 4234 temereternere
1940 4204 1951 4233 ,

296 4262 454 4335 piscentiam
477 4257 571 4314 octalos
594 4271 659 4311 sues
675 4254 870 4325 porrexerint,
887 4256 995 4324 qnando
1010 4266 1037 4313 et
1058 4257 1096 4312 si·
1149 4253 1174 4309 is
1188 4254 1283 4325 plenus
1298 4263 1341 4310 est
1359 4255 1520 4320 continens,
1543 4264 1570 4310 et
1594 4253 1669 4309 illum
1685 4270 1815 4312 naucum
1832 4255 1952 4314 homiui-

295 4357 371 4424 mul,
385 4362 412 4412 ct
425 4353 475 4409 sub
487 4368 542 4408 unu
557 4351 657 4408 cubant
670 4358 759 4417 tecto,
776 4357 822 4404 ant
837 4351 863 4405 in
880 4366 935 4406 uno
956 4350 1097 4408 dorminut
1150 4347 1200 4402 bns
1215 4359 1361 4417 comparo,
1386 4346 1435 4403 scd
1457 4361 1518 4402 cnm
1534 4344 1647 4419 Angelis
1668 4349 1770 4405 sanctis
1782 4349 1953 4408 simillimum

294 4454 365 4509 lecto
378 4467 384 4503 :
399 4447 478 4506 Unde
490 4459 517 4502 ct
535 4445 711 4517 reprehensi,
734 4443 912 4513 spiritualiter
936 4445 988 4500 ltoc
1008 4460 1093 4518 agere
1150 4453 1327 4510 recognosco.

295 4543 466 4619 profitentur,
479 4537 637 4609 adjicientes
650 4537 787 4593 extraneis
814 4536 922 4592 nomina
950 4535 1096 4593 affectuum
1186 4529 1247 4586 XX.
1268 4532 1345 4589 Nunc
1359 4532 1415 4604 jam
1430 4531 1508 4589 trabis
1523 4530 1558 4588 de
1579 4533 1709 4604 patientia
1723 4543 1751 4591 et
1765 4534 1800 4592 de
1820 4535 1879 4607 eius
1890 4550 1954 4593 ont·

296 4638 338 4695 vel
353 4636 470 4707 pietatis.
491 4634 562 4687 Sane
584 4631 712 4700 quoniam
729 4639 756 4685 et
781 4628 887 4684 Diaboli
914 4627 1095 4686 substantium
1109 4618 1136 4679 b
1151 4624 1229 4680 nibus
1245 4625 1324 4681 burnis
1337 4624 1502 4696 loquendum
1521 4636 1564 4681 est
1579 4625 1644 4682 991.
1659 4625 1709 4683 Est
1722 4628 1803 4699 igitur
1824 4629 1953 4702 pollentio

298 4730 445 4801 accipimus
469 4722 637 4794 spiritualem
649 4764 656 4786 ,
670 4721 750 4777 debet
764 4720 827 4776 addi
844 4720 912 4777 :sed
937 4721 1059 4794 nequitie
1073 4730 1098 4777 et

298 4824 404 4879 malitie
422 4815 566 4888 spiritualis
589 4811 705 4890 (pres.
722 4829 766 4880 ar,
782 4810 832 4886 19)
861 4828 876 4867 a
905 4813 961 4868 Deo
985 4824 1097 4886 propter

298 4913 456 4973 scandalum
471 4908 613 4972 eoeleste,
628 4915 656 4962 et
670 4905 775 4960 ruinam
792 4906 844 4961 199
860 4919 939 4961 :cttrn
955 4919 971 4959 a
994 4920 1023 4961 se
1045 4922 1096 4965 nec

298 5006 483 5079 persuasione,
497 5015 547 5057 nec
561 4997 706 5056 interdictu
720 4995 853 5067 majorum
866 5006 942 5063 natu,
955 5013 1007 5053 nec
1020 5008 1096 5057 metu

297 5097 440 5174 praesentis
450 5092 602 5156 sententiae,
617 5091 658 5148 rel
674 5089 756 5147 futuri
767 5088 865 5146 ludicii
880 5089 942 5145 inde
957 5090 1020 5147 aelli
1033 5106 1097 5162 pus-

295 5198 351 5253 sint
370 5212 376 5246 :
394 5207 455 5249 cunt
476 5187 642 5258 frequentius
656 5184 737 5242 ctiam
751 5198 820 5256 quos
842 5183 968 5256 legitimae
983 5184 1097 5255 copula·

296 5302 359 5344 rere
373 5283 490 5354 nuptiae,
506 5281 565 5337 leve
586 5279 705 5350 jurgium
729 5285 838 5348 separet
858 5275 919 5332 197.
947 5276 1017 5343 Quid
1042 5277 1095 5334 lroc

295 5375 434 5435 malleati
447 5373 510 5445 quid
524 5373 587 5429 mali
610 5368 748 5426 individua
762 5368 890 5435 ebaritas,
906 5377 935 5424 ut
948 5368 982 5423 ab
997 5368 1095 5427 aliene

296 5464 539 5541 consanguinitatis
555 5463 651 5520 affectu
662 5462 783 5534 separari
798 5459 987 5531 nonpossint?
1000 5455 1096 5534 Turpe

295 5577 337 5627 est
351 5564 459 5629 diceto,
483 5558 555 5633 quod
572 5558 632 5614 illos
652 5573 705 5612 trott
722 5555 806 5627 pudet
825 5551 926 5612 facete.
943 5553 1023 5610 Certe
1048 5556 1093 5613 vel

295 5661 329 5716 ab
347 5657 440 5714 osculo
461 5654 596 5710 immunes
622 5666 676 5706 uon
690 5660 769 5717 sunt,
788 5648 858 5719 qnod
882 5658 924 5705 est
946 5649 1041 5721 pignus
1066 5658 1096 5708 et

293 5766 353 5804 arra
367 5746 501 5817 serpentis
515 5743 575 5798 198.
588 5740 659 5798 Saue
669 5756 730 5797 cum
742 5735 942 5811 increpaveris,
959 5756 1021 5794 mox
1034 5739 1093 5797 llaec

294 5835 435 5909 proferunt
459 5831 540 5891 verba
555 5844 656 5900 :posse
684 5831 866 5901 integritatem
895 5830 938 5887 sui
966 5835 1092 5900 corporis

1153 4720 1268 4774 oninium
1281 4719 1441 4793 injttricrem
1463 4729 1487 4774 et
1500 4720 1649 4791 passionum
1664 4720 1810 4791 tolerarem,
1823 4733 1848 4778 et
1857 4741 1955 4796 eaper-

1152 4813 1280 4869 tutiumtm
1307 4812 1422 4867 omnium
1463 4814 1520 4868 sine
1555 4815 1759 4885 praeclpitotione
1790 4816 1952 4886 rufentio.

1151 4906 1238 4976 Qrtam
1262 4906 1284 4961 si
1299 4907 1361 4976 quis
1385 4905 1565 4977 intellexerit,
1593 4909 1788 4980 ethabuerit,
1813 4915 1954 4978 contraria

1152 4998 1216 5055 uitur
1230 4998 1324 5071 gravia
1339 4998 1458 5070 bajulat;
1475 4999 1546 5056 bona
1561 5006 1650 5056 omitia
1671 5002 1795 5062 continet
1811 5005 1876 5062 toi.
1896 5007 1951 5068 So·

1153 5108 1244 5150 rorem
1260 5092 1342 5150 babet
1354 5109 1430 5165 spem
1450 5093 1515 5151 995.
1530 5093 1697 5169 Quamquam
1723 5100 1849 5171 superius
1874 5117 1952 5162 cam·

1153 5185 1298 5257 prebendi,
1313 5186 1411 5242 aflines
1423 5201 1485 5243 esse
1499 5186 1553 5243 sibi
1564 5203 1608 5245 res
1623 5190 1710 5247 bonas
1725 5207 1831 5249 omnes.
1847 5193 1952 5256 Patitur

1152 5277 1226 5336 enim
1243 5276 1369 5343 libenter,
1383 5280 1446 5351 quia
1460 5288 1562 5350 sperat,
1576 5287 1605 5336 et
1615 5281 1748 5352 speranda
1764 5283 1862 5344 tuerat
1876 5303 1882 5339 ε
1896 5287 1952 5346 itu·

1152 5370 1289 5441 patienter
1300 5370 1373 5427 enim
1391 5370 1495 5437 fertur,
1511 5372 1584 5445 quod
1598 5390 1652 5430 nun
1674 5385 1824 5447 speratim:
1844 5388 1873 5440 et
1895 5379 1953 5440 991

1152 5459 1263 5550 quande
1279 5461 1348 5518 nibil
1368 5473 1497 5535 speratur
1507 5464 1572 5524 995.
1588 5465 1668 5523 Omni
1682 5476 1776 5534 autem
1789 5470 1953 5550 rtrtutcpa-

1154 5553 1248 5611 tientiu
1270 5553 1390 5625 perfert,
1412 5551 1485 5627 quud
1508 5571 1557 5632 spe
1571 5573 1705 5632 pereunte
1722 5561 1900 5642 digniuscitur.
1915 5566 1952 5626 Δι

1152 5650 1176 5705 si
1196 5664 1275 5720 spent
1289 5647 1394 5708 fractus
1417 5651 1555 5722 patientiae
1573 5653 1765 5732 subsequatur,
1780 5655 1840 5726 bec
1860 5670 1952 5722 nram

1150 5740 1252 5814 gaudet
1267 5738 1338 5806 fide,
1360 5742 1572 5813 gubernaculum
1595 5742 1678 5803 habet
1701 5745 1952 5817 buimmttnenm

1149 5850 1236 5907 genus
1249 5835 1487 5908 propinquitatem.
1509 5835 1574 5904 iride
1595 5837 1681 5910 iusti,
1709 5839 1775 5906 dum
1795 5845 1887 5903 otnuia
1902 5860 1950 5917 pt·
