4209 6250
138 240 192 298 dou
711 235 813 295 htuhu
832 235 972 301 eburna
991 235 1209 296 auxentium.
1735 238 1789 299 bib

134 357 241 414 ratione
275 354 402 414 auxentii
414 369 524 414 caumm
537 354 604 411 niiril
616 355 705 427 jurari
720 357 788 414 satis
802 357 930 414 ostendit.
946 360 971 419 Α
984 356 1141 414 Auxentium
1151 374 1162 413 .·
1173 355 1201 411 in
1214 355 1334 427 quirinae
1348 353 1409 410 aliis
1421 353 1578 411 :Tractatus
1591 353 1633 410 aei
1645 354 1711 412 iiber
1724 372 1789 413 eon·

174 450 240 506 t'ltl.
257 449 350 521 ltaque
365 464 399 506 cx
414 449 518 521 duplici
533 448 582 505 illo
594 450 695 520 capite,
715 464 749 505 ex
764 464 817 521 quo
839 450 938 506 dubius
988 460 1029 505 tra
1054 448 1210 506 ducentium
1235 446 1359 502 Ariaruuuu
1376 445 1535 517 Episcopum
1560 445 1790 505 Hediatnrueuaeur.

135 544 276 602 ridebatur
287 543 414 599 Auxentii
424 543 542 611 libellus,
559 543 742 599 nrmccertius
754 542 779 599 ei
794 543 936 600 asseritur.
988 543 1037 600 His
1057 543 1130 600 latret
1145 543 1336 615 Hieronymus,
1358 556 1440 612 aquo
1462 541 1566 616 clupeus
1580 551 1673 596 contra
1687 541 1792 597 Arnen-

134 637 242 698 Gacrera
255 639 338 696 etiam
351 637 528 696 conueniunt.
550 636 580 694 lu
595 654 629 697 eo
640 639 740 712 quippe
753 651 878 696 uersutus
892 639 938 697 ille
988 636 1053 690 rium
1077 635 1179 691 tihellus
1205 634 1367 705 appellatur.
1397 633 1529 704 uolgatus
1557 633 1652 689 titulus
1670 651 1677 689 τ
1693 630 1790 689 Contra

136 731 293 798 hacreticus,
307 747 382 787 nuru.
395 730 441 796 15,
454 730 607 802 prohtetur,
616 730 688 804 quod
697 731 886 789 Hilariuseunu
898 730 941 788 al·
988 728 1099 784 Anauros
1113 727 1152 784 uel
1164 728 1320 783 ducentium
1335 723 1554 781 Mediolanensem
1564 725 1638 793 liber,
1652 741 1685 782 cx
1698 737 1790 781 rerer·

135 822 261 881 firmasse
286 833 373 891 nutat,
397 839 428 881 se
453 826 547 882 hrium
576 841 723 897 numquam
741 826 838 882 scisse.
865 825 938 882 ldcnu
988 821 1059 879 rimo
1087 835 1139 878 ms.
1155 819 1186 877 S.
1200 818 1275 876 Petri
1296 817 1331 875 de
1351 816 1425 874 Urbe
1448 827 1491 874 cst
1514 831 1670 888 expressus.
1691 816 1792 888 {teipsa

135 926 315 984 contestatur,
334 932 410 972 num.
433 917 478 985 lt,
499 917 632 974 hilarium
642 917 707 974 oiim
720 917 875 990 depositum
893 926 939 975 aut
989 912 1103 983 epistola
1114 922 1157 969 cst
1169 910 1203 967 ad
1214 909 1366 967 catholicos
1379 918 1474 966 contra
1488 909 1615 977 Armnos,
1629 924 1699 981 quos
1713 923 1793 966 esor-

137 1009 305 1067 accusatoris
315 1008 468 1080 autiudicis
483 1025 627 1080 personam
640 1009 741 1067 habere
753 1026 807 1068 non
820 1009 937 1068 dehere:
989 1006 1065 1064 dirum
1080 1016 1200 1079 spectat;
1216 1006 1265 1063 sed
1282 1005 1443 1062 nominatim
1461 1014 1557 1063 contra
1569 1005 1747 1073 Auxentium,
1758 1004 1794 1061 de

136 1104 211 1177 qrrod
225 1102 278 1160 sibi
290 1103 325 1159 ab
338 1117 372 1161 eo
386 1103 523 1175 objectum
536 1113 666 1161 strenuus
681 1103 781 1160 Christi
794 1104 939 1161 conirssor
990 1099 1068 1172 cujus
1085 1113 1178 1156 secum
1195 1098 1281 1170 gestis
1295 1098 1414 1155 Hilarius
1426 1097 1578 1155 catholicos
1599 1097 1738 1155 admouet.
1762 1096 1792 1154 ln

136 1205 243 1263 narrat,
257 1212 333 1253 nuru.
350 1196 377 1253 6.
391 1194 441 1264 Qui
460 1195 570 1268 quidem
592 1197 644 1252 etsi
663 1196 794 1254 nonnulla
817 1194 940 1254 confutat
990 1192 1032 1248 bis
1046 1191 1174 1249 omnibus
1188 1206 1251 1248 curn
1273 1206 1337 1262 erga
1361 1187 1567 1262 imperatorem,
1586 1206 1601 1246 a
1622 1205 1677 1263 quo
1697 1190 1789 1262 iniqua
1828 1185 1833 1192 '

136 1297 274 1361 uunquam
294 1289 329 1344 ab
344 1289 480 1359 durentia
495 1297 612 1356 asserta,
627 1304 688 1359 que
706 1288 734 1345 in
748 1287 834 1360 ipsius
845 1287 939 1345 libello
989 1300 1086 1357 passus
1100 1296 1171 1353 erat,
1186 1283 1281 1341 sedato
1295 1298 1328 1339 ac
1340 1284 1477 1342 reverenti
1491 1283 1581 1341 animo
1596 1299 1626 1341 se
1640 1283 1728 1357 gerim
1747 1298 1794 1354 pa·

138 1396 193 1437 non
205 1387 326 1446 castam,
343 1396 374 1436 ea
388 1379 459 1436 haud
473 1379 557 1437 dubie
570 1378 708 1452 pertinent
722 1380 757 1437 ad
768 1383 826 1452 ipsa
839 1378 939 1436 Nicaea
990 1376 1044 1432 lam
1066 1376 1132 1433 lacit
1152 1391 1184 1433 se
1207 1391 1256 1448 pro
1277 1391 1327 1433 sua
1340 1390 1423 1434 ceusu
1445 1377 1553 1434 nescire
1572 1376 1664 1443 irasci,
1689 1389 1795 1447 suoque

138 1472 265 1529 'lluraciae
278 1488 327 1529 scu
341 1472 456 1529 Arimini
471 1480 557 1544 gesta,
572 1488 633 1544 quae
647 1472 695 1529 ille
707 1481 764 1529 toto
778 1472 870 1530 aniano
882 1487 940 1528 aun·
990 1471 1118 1542 exemplo
1140 1472 1285 1528 confirmat
1306 1486 1442 1527 stammam
1467 1470 1638 1543 principibus
1662 1468 1795 1526 exbiben-

138 1564 263 1637 plcxatus
278 1563 370 1621 libello
385 1578 436 1620 suo
450 1563 616 1648 sulrjicienda
628 1572 781 1621 curaverat.
990 1563 1052 1621 darn
1067 1580 1128 1622 esse
1142 1565 1322 1623 reverentiam
1338 1584 1345 1621 ε
1362 1575 1498 1623 tumuere
1516 1567 1633 1623 maxime
1647 1565 1688 1622 cis
1702 1566 1795 1638 ignos-

174 1657 221 1713 lx.
242 1656 341 1713 Totum
356 1657 408 1713 hoc
427 1671 496 1727 opus
510 1656 537 1712 in
553 1656 666 1728 antiquo
679 1657 937 1714 cudtcccarnutcn·
991 1656 1118 1726 cendam,
1141 1672 1203 1714 curn
1223 1673 1255 1714 ex
1268 1657 1453 1730 imprudentia
1476 1669 1525 1715 aut
1547 1673 1641 1716 errore
1658 1671 1789 1730 peccare·

139 1749 178 1806 sis
201 1747 324 1806 certata
347 1747 506 1807 inscribitur
525 1767 532 1802 a
548 1747 669 1818 Epistula
681 1748 716 1804 ud
737 1746 884 1806 cauatam
907 1749 940 1805 de
953 1766 979 1827 Β
993 1750 1059 1807 rint.

501 1971 679 2049 ⁵⁹³⁵⁹⁴
717 1976 1036 2112 SANCTI
1081 1977 1420 2109 HILARII

403 2186 887 2358 comana
942 2201 1542 2472 γιιιιιιιοι,

502 2540 870 2630 sexanorum
905 2512 1433 2642 nunronnnnnsnnr,

854 2679 975 2742 LIBER
995 2678 1108 2743 UNUH.

716 2786 934 2864 (sensurus
970 2798 1074 2845 anno
1108 2779 1218 2861 Hdb.)

90 2941 94 2950 ’
140 2927 330 2987 Dilectissimis
354 2926 484 2985 iratribus
508 2927 534 2983 in
556 2927 608 2983 bdc
628 2936 740 3001 paterna
754 2924 939 2993 manentibus,
1028 2925 1058 2982 2.
1078 2926 1233 2984 antichristi
1260 2930 1357 2999 plures.
1386 2959 1423 2973 -
1443 2933 1482 2989 dc
1505 2947 1541 2989 nc
1564 2905 1706 2991 maledicis
1730 2947 1795 2990 ucr-
1868 2947 1873 2966 ·

139 3030 146 3091 ι
176 3029 205 3079 et
222 3023 348 3078 brianum
364 3020 490 3077 heresim
506 3017 724 3085 detestantibus,
739 3016 893 3089 episcopis,
914 3024 942 3073 ct
995 3019 1093 3077 borum
1115 3022 1141 3078 in
1158 3036 1205 3078 eos
1227 3024 1264 3080 uti
1283 3022 1414 3081 conuiciis
1433 3040 1589 3096 arguamur,
1608 3040 1717 3083 causam
1732 3041 1796 3097 per·

143 3094 302 3172 ”omnihus
315 3112 449 3186 plebibus,
464 3111 581 3168 Hilarius
596 3116 843 3167 conservusvester
856 3104 896 3181 (a)
913 3106 978 3200 inc
996 3115 1108 3174 mirionis
1133 3116 1262 3188 puppem,
1291 3134 1325 3175 „0
1355 3119 1481 3190 cuiquam
1509 3119 1631 3192 pgnomp
1658 3119 1714 3186 gip,
1741 3134 1795 3176 Μ

175 3207 431 3263 bominocternam
445 3205 572 3262 salutem.
994 3219 1124 3268 iacemus.
1149 3211 1331 3269 Antichristus
1356 3213 1447 3284 plores
1471 3212 1642 3283 asseculam
1669 3215 1796 3286 apostolo

177 3301 203 3357 1.
224 3300 319 3357 Pacem
344 3315 431 3356 ueram
460 3298 559 3368 trustra
587 3306 666 3353 tentat
691 3294 808 3352 Hilarius
831 3310 939 3364 eurupa-
993 3302 1099 3361 loanne
1128 3302 1303 3375 praedicante,
1324 3304 1501 3379 cognorimus
1528 3306 1551 3379 (l
1574 3304 1654 3364 doun.
1677 3322 1712 3375 u,
1738 3305 1796 3381 tu).

139 3408 217 3447 nere.
232 3421 267 3432 -
282 3390 442 3462 Speciosam
471 3388 579 3460 nunidem
600 3402 700 3445 nomeu
726 3396 768 3443 cst
794 3388 886 3457 baiis,
913 3393 942 3442 ⁰1
994 3394 1123 3468 Quisquis
1147 3394 1218 3452 eninr
1241 3396 1399 3464 Christum,
1427 3397 1515 3469 qualis
1535 3398 1571 3455 ab
1595 3399 1725 3469 apostolis
1750 3408 1793 3457 est

139 3483 232 3555 9⁰¹⁰st
254 3493 297 3540 0⁵¹
320 3481 412 3554 ⁰iii¹¹i⁰
431 3482 542 3538 ¹¹¹¹ii³¹i⁵
557 3500 564 3536 ;
579 3480 627 3538 ⁸01¹
650 3481 711 3552 ‘luis
735 3478 853 3551 ambigat
881 3492 941 3535 ⁰³¹⁰
994 3493 1171 3562 praedicatus,
1188 3494 1309 3566 negauit,
1328 3494 1504 3553 antichristus
1521 3503 1574 3553 est.
1587 3493 1711 3552 Nominis
1725 3495 1798 3551 anti·

139 3577 226 3633 solam
239 3575 370 3633 Ecclesiae
381 3586 461 3647 atquc
475 3573 684 3645 Euangeliorunu
699 3572 829 3627 unitatem
845 3585 941 3642 pacem
994 3585 1087 3643 emp
1109 3587 1262 3658 propper„
1279 3596 1331 3653 epp,
1346 3587 1455 3645 cpppsw
1469 3603 1531 3645 ωε
1543 3588 1722 3646 mmmmm,
1739 3586 1798 3645 poc
1853 3578 1857 3584 ·

139 3684 213 3734 ⁸³⁵⁰,
237 3684 299 3738 d¹¹²B
316 3666 420 3725 Christi
446 3667 506 3724 ⁰⁵¹?
531 3667 616 3735 Quiffl
641 3665 676 3720 id
704 3663 851 3734 Ab0ffl⁰¹⁰⁵
880 3670 942 3733 i>⁰⁵i
995 3693 1067 3735 ntutrc
1086 3678 1137 3735 sub
1157 3678 1285 3750 opinione
1306 3678 1380 3735 talsac
1402 3679 1511 3749 pietatis
1529 3677 1658 3746 elicitur,
1677 3678 1730 3734 hoc
1746 3677 1799 3736 sub

140 3764 275 3837 passionis
294 3778 351 3819 ⁸¹¹ae
376 3761 491 3832 tibilim
515 3770 557 3818 0⁸²
583 3760 689 3816 ¹⁰0¹¹¹⁰⁸
708 3755 798 3829 (hait-
811 3773 865 3823 ¹¹·
883 3756 939 3827 ¹9),
993 3768 1656 3840 speciepraedicationiseuangelicnlahoratur,ut
1669 3766 1799 3825 Danubius

138 3874 221 3930 quarn
243 3857 277 3914 ad
303 3857 399 3915 aterni
427 3854 549 3911 mandati
575 3855 619 3909 tutti
642 3852 739 3924 ιιίιιιιιθ
764 3850 940 3907 commanda·
993 3858 1074 3916 icsus
1090 3859 1226 3926 Christus,
1244 3860 1308 3915 dum
1331 3858 1471 3931 praedicari
1487 3857 1618 3924 credlrur,
1638 3857 1798 3931 denegetur.

139 3952 180 4008 rit
195 3948 234 4025 (b)
250 3951 382 4015 abiturus,
405 3950 475 4006 iraruc
495 3945 533 4022 (ι)
549 3940 609 4012 nos,
626 3946 738 4003 Fratres
757 3942 940 4011 dilectissimi,
1029 3953 1056 4009 5,
1076 3950 1195 4007 Eccum
1215 3950 1336 4009 ,periuris
1351 3952 1471 4006 neppam,
1491 3950 1601 4023 [puppam
1619 3967 1672 4007 pp„
1696 3956 1801 4025 pm,-

139 4054 169 4101 et
193 4046 321 4100 amissam
348 4058 483 4115 quarere,
509 4050 536 4098 cl
557 4041 691 4097 turbatam
717 4053 891 4111 componere,
914 4046 942 4093 et
997 4043 1169 4114 deprimam
1183 4042 1307 4101 miserari
1337 4042 1404 4100 iicet
1428 4054 1528 4100 nostran
1553 4042 1641 4100 aetatis
1665 4043 1797 4113 laborent,

140 4148 276 4208 repertam
302 4145 395 4193 tenere
420 4135 585 4193 curarimus.
607 4134 661 4190 Sed
684 4133 764 4203 huius
786 4132 873 4203 ipsius
891 4144 941 4187 nos
996 4144 1024 4193 ct
1036 4136 1210 4207 praesenriuin
1223 4147 1375 4210 temporum
1384 4135 1483 4192 stultas
1496 4137 1640 4208 opiniones
1650 4136 1804 4207 congemis·

142 4232 202 4288 heri
219 4230 261 4287 rei
278 4229 424 4301 participes
437 4228 481 4285 rel
495 4237 632 4294 aructores,
648 4239 699 4283 uec
711 4223 843 4295 temporis
857 4223 943 4278 nostri
996 4242 1070 4297 cere,
1091 4228 1190 4300 quihus
1207 4227 1373 4301 patrocinari
1396 4227 1452 4284 heo
1467 4230 1583 4282 humana
1598 4225 1755 4291 creduntur,
1775 4232 1806 4283 et
1885 4278 1888 4289 ,

142 4334 252 4395 peccam
265 4331 432 4392 meruerunt,
445 4319 672 4379 necimmincntis
684 4316 839 4375 antichristi
851 4316 944 4389 praevii
997 4319 1031 4375 ud
1053 4319 1182 4376 tuendam
1206 4318 1308 4377 Christi
1334 4319 1484 4376 Ecclesiam
1509 4319 1658 4377 ambitione
1678 4317 1802 4375 saeculari

141 4417 314 4488 ministrique
328 4425 392 4473 sant
405 4415 498 4487 passi:
515 4414 560 4485 qui
579 4426 646 4484 pace
658 4426 719 4477 sua,
735 4410 762 4466 id
777 4419 831 4479 est,
846 4410 945 4480 impic-
1001 4411 1066 4483 (lis.
1085 4408 1165 4468 Gara.
1180 4411 1285 4484 saculi)
1301 4411 1440 4467 laboratur
1463 4410 1514 4484 (d).
1533 4410 1588 4468 Oro
1605 4425 1665 4479 ros,
1683 4410 1805 4483 episcopi

144 4508 210 4565 tatis
225 4524 282 4564 suae
297 4508 401 4565 unitate
415 4521 445 4563 se
462 4505 576 4577 iactant,
591 4514 703 4577 agentes
714 4517 745 4560 se
756 4517 811 4558 non
828 4510 860 4558 ut
875 4503 947 4574 epis-
997 4501 1045 4574 qui
1069 4501 1123 4560 hoc
1143 4517 1205 4560 esse
1218 4517 1266 4560 ros
1286 4501 1416 4569 creditis,
1436 4502 1598 4573 quibusnam
1616 4501 1751 4574 suffragiis
1768 4499 1803 4556 ad

140 4617 226 4674 oopus
237 4600 349 4666 Christi,
365 4601 414 4657 scd
428 4596 581 4656 antichristi
596 4597 763 4656 sacerdotes.
956 4588 1199 4666 Dprrcdicandum
1215 4593 1397 4666 brainellam
1415 4592 1531 4666 apostoli
1550 4593 1593 4648 osi
1608 4591 1692 4649 sonti
1703 4592 1803 4664 quibus

179 4743 221 4819 (a)
240 4744 295 4802 Has
312 4756 404 4809 noces,
425 4742 452 4797 iu
469 4738 581 4797 Dnrniuo
603 4748 753 4806 cterrrnnr,
777 4736 944 4794 restituimus
996 4735 1104 4806 pacisci
1122 4734 1190 4791 reis
1210 4742 1374 4807 pervaserunt
1397 4732 1530 4789 uraiuerras
1552 4747 1615 4803 pene
1634 4729 1712 4786 totius
1730 4727 1807 4785 ortu

144 4835 177 4875 ex
190 4831 255 4873 nuso.
996 4806 1091 4862 locales
1102 4752 1233 4874 arrianas,
1247 4805 1322 4870 dicit,
1335 4816 1401 4868 etc,
1418 4819 1510 4861 rerum
1523 4817 1556 4859 ac
1566 4812 1719 4882 temporum
1732 4801 1809 4874 igno·

181 4886 220 4961 ib)
240 4886 304 4942 liss.
326 4896 433 4942 somaro
452 4896 605 4947 consensu,
625 4882 768 4948 habitarin-
781 4878 874 4954 phrasi
887 4878 947 4951 quui·
998 4878 1086 4933 rantia
1113 4878 1220 4934 ridetur
1243 4878 1347 4947 lapsus.
1374 4875 1433 4933 Non
1460 4873 1533 4932 enirn
1557 4872 1728 4938 Constanuo,
1755 4869 1805 4928 sed

143 4959 207 5017 deun
221 4959 289 5015 satis
302 4955 443 5028 singulari,
457 4970 511 5010 non
524 4955 598 5009 omni
610 4961 701 5008 tamen
714 4966 795 5009 sensu
806 4953 945 5009 destituta.
1000 4948 1191 5004 Valentiniano
1212 4947 1364 5019 imperante
1384 4946 1495 5018 scripsit
1516 4946 1573 5002 luceo
1596 4943 1733 5026 Hilarius:
1749 4958 1805 5026 quo

182 5029 219 5099 (c)
240 5028 298 5086 Hoc
307 5028 342 5084 de
352 5043 383 5083 se
394 5026 515 5083 modeste
525 5023 645 5081 insinuat
657 5022 782 5088 Hilarius,
795 5024 840 5092 apul
852 5036 945 5092 pacem
999 5026 1123 5088 tcnrpore
1136 5020 1170 5074 ad
1181 5020 1312 5076 ecclesias
1323 5032 1387 5076 suas
1399 5017 1545 5081 Eusebius,
1557 5015 1675 5079 uuctter,
1689 5011 1808 5071 Hilarius

1000 5092 1006 5103 c

145 5101 273 5157 amissam
293 5113 414 5170 quarere
435 5113 489 5152 non
509 5094 613 5151 destitit
628 5104 684 5150 toto
701 5092 792 5150 exsilii
814 5094 855 5149 sui
880 5101 948 5146 tenr-
1001 5105 1070 5215 :pse
1087 5091 1187 5160 aliique
1203 5091 1352 5146 redierant.
1366 5087 1445 5146 Unde
1458 5088 1552 5144 Ariani
1572 5090 1669 5144 saltenr
1686 5086 1712 5140 in
1725 5083 1807 5141 Occi·

144 5187 223 5243 pore,
232 5171 366 5228 turbatam
378 5180 439 5240 post
450 5166 620 5222 ariminense
630 5165 774 5222 courciliunr
784 5162 946 5233 composuit,
1020 5169 1084 5217 ente
1100 5176 1152 5216 non
1167 5175 1261 5217 ourunes
1279 5176 1348 5232 pene
1366 5160 1496 5216 ecclesias
1511 5159 1612 5214 locales
1633 5156 1805 5213 obtinebant.

144 5255 173 5299 ct
187 5258 283 5314 inagna
299 5258 331 5297 cs
355 5248 432 5312 parte
451 5248 588 5307 repertam
610 5250 717 5292 summo
740 5234 829 5289 strudio
851 5233 948 5289 tenuit.
1002 5230 1071 5287 Cum
1083 5239 1173 5287 tanuen
1184 5232 1355 5298 sruhsenoens
1364 5230 1458 5287 Hilarii
1467 5228 1628 5285 declamatio
1639 5227 1667 5283 in
1679 5225 1705 5282 id
1717 5228 1807 5298 potius

145 5314 201 5371 Sed
215 5329 275 5384 quau
296 5320 371 5368 retro
391 5319 457 5366 suot
470 5308 580 5371 oblitos,
596 5306 674 5378 quasi
693 5304 825 5362 nihildum
846 5304 949 5375 prusti·
1003 5302 1084 5359 cadat
1103 5302 1177 5375 quod
1196 5303 1290 5358 ariani
1312 5303 1362 5358 suh
1381 5299 1543 5358 Constantio
1563 5301 1701 5372 egissent,
1727 5313 1808 5371 quarn

146 5386 235 5447 tissct,
257 5385 320 5457 quia
346 5382 417 5438 trane
439 5378 632 5435 Mediolanensi
651 5378 755 5434 ciuitati
768 5376 871 5433 frustra
894 5387 953 5431 teu·
1005 5374 1073 5429 inid
1089 5372 1161 5445 ‹puod
1174 5375 1224 5428 sub
1237 5371 1457 5429 inieratinianua
1475 5381 1555 5427 erent
1569 5388 1576 5423 ε
1589 5368 1730 5426 commode
1743 5384 1810 5442 pos·

148 5468 233 5512 tasset
248 5468 408 5526 procurare,
423 5451 564 5520 sequentia
579 5448 696 5519 subjicit.
1005 5453 1070 5501 surut
1083 5444 1142 5500 lunc
1164 5444 1283 5501 Facundi
1303 5445 1387 5501 uerba
1409 5388 1533 5512 inteiligi.
1550 5442 1617 5511 Quia
1631 5455 1696 5498 uero
1708 5439 1811 5497 Valen-

184 5526 226 5599 (ιι)
247 5525 390 5583 Facundus
415 5520 568 5589 Hermian,
591 5519 686 5589 Splcil.
703 5528 723 5573 t.
739 5534 787 5586 ιιι,
804 5533 865 5588 pap.
883 5516 952 5584 118,
1007 5517 1124 5572 tiniauus
1136 5515 1219 5572 nimio
1231 5516 1304 5585 pacis
1315 5514 1417 5581 studio,
1430 5522 1458 5570 et
1470 5527 1563 5569 amore
1577 5513 1671 5569 localis
1686 5512 1810 5568 ecclesia

147 5598 213 5654 dom
237 5600 296 5654 baec
321 5598 358 5653 ita
384 5594 505 5650 laudat:
532 5592 644 5647 Sanctus
665 5589 784 5645 Hilarius
806 5591 953 5661 episcopas,
1006 5601 1087 5659 quam
1110 5588 1261 5644 auxentius
1282 5587 1443 5656 occupabat,
1465 5584 1568 5641 uersuli
1587 5586 1668 5657 bojas
1689 5581 1812 5640 baeretici

147 5669 283 5739 consessor
297 5677 321 5722 er
335 5668 425 5721 doctor
438 5663 565 5737 eprcpiun
580 5661 733 5734 prriiurdam
748 5662 875 5734 episcopis
889 5668 955 5714 tenu·
1007 5656 1089 5715 lldcm
1101 5658 1211 5729 propius
1224 5657 1369 5730 explorare
1380 5654 1478 5723 timuit,
1493 5665 1521 5711 et
1532 5655 1701 5728 professione
1714 5670 1813 5711 secun-

148 5758 214 5814 pure
240 5738 384 5797 Constantii
406 5734 580 5809 imperaturis,
600 5748 650 5805 quo
672 5732 761 5789 anun
782 5731 828 5790 rab
853 5731 956 5789 nominc
1007 5730 1072 5787 dum
1090 5743 1186 5787 uocum
1199 5743 1282 5787 sonos
1295 5725 1429 5788 catholica
1443 5735 1590 5788 conmotus
1604 5727 1676 5788 illius
1689 5740 1812 5785 cummu-
