4209 6250
159 329 200 386 89
777 324 821 380 bu
840 320 1028 380 tumultu
1047 320 1152 378 bruun
1170 322 1214 379 iii.
1781 329 1817 383 pn

157 444 288 519 minim
299 443 473 501 mentiantur.
486 443 612 499 Dicamus
623 442 721 499 laetum
733 451 786 497 nott
797 440 891 510 tuisse,
904 440 966 511 qtria
980 449 1008 509 Α
1020 440 1087 496 tium
1104 440 1299 509 inhiberemus,
1319 449 1347 497 et
1362 439 1399 513 lo)
1419 451 1530 497 naturas
1544 439 1684 498 fluminum
1699 441 1816 500 reterre-

157 537 368 610 intelligentiam
391 537 454 593 lacti
468 551 523 592 non
535 533 783 606 apprehendimus:
799 542 827 589 et
838 543 963 589 cessante

157 645 243 687 sensu
263 643 371 695 nostro,
385 628 447 685 lacti
464 628 548 695 ipsius
563 637 652 684 cesset
675 624 796 682 effeetus
813 625 867 681 Sed
887 640 963 681 nten-

159 721 271 779 dacium
293 732 417 778 nostrum
432 720 494 776 lacti
516 719 584 776 tides
598 719 690 775 uincit.
707 718 818 774 Adstitit
831 717 962 773 Dominus

158 815 254 871 clausa
281 805 363 871 domo
390 815 417 870 in
441 812 531 870 neoto
556 812 768 882 discipulorum:
783 820 811 866 et
827 810 964 866 Filinsest

160 917 289 965 natusest
303 908 393 965 Patre.
410 907 470 965 Noli
498 921 598 979 negare
609 906 679 978 qnod
706 907 822 971 steterit,
837 905 899 977 quia
915 921 963 975 per

160 1000 349 1071 intelligentiae
360 999 556 1066 infirmitatem,
567 999 742 1057 consistentis
750 1014 803 1054 non
814 1012 963 1068 consequa·

160 1096 204 1152 ris
219 1096 358 1152 introitum
369 1113 377 1150 a
388 1093 445 1150 ooli
467 1094 572 1149 trescire
584 1092 656 1165 quod
676 1093 710 1148 ab
723 1092 843 1163 ingenito
856 1100 885 1147 et
900 1106 962 1159 per·

162 1186 239 1246 lecto
251 1188 306 1244 lico
317 1196 391 1256 patre
404 1187 557 1258 unigenitus
567 1195 594 1242 et
609 1183 744 1255 perlectus
755 1182 794 1257 (a)
804 1183 876 1239 iliius
892 1184 963 1240 bens

162 1292 250 1338 natus
261 1281 375 1352 sinonis
389 1294 499 1336 sensum
515 1289 544 1335 et
557 1293 711 1335 sermonem
726 1276 850 1334 humanae
859 1286 962 1332 naturae

160 1375 251 1429 virtus
261 1372 445 1445 generationis
459 1370 585 1427 excedat.

197 1466 243 1523 21.
256 1466 288 1522 Si
294 1476 408 1537 possent,
420 1465 466 1521 but
474 1461 863 1533 opouumuioturdnrent.—Et
872 1464 963 1520 omnia

159 1558 271 1629 quidem
285 1559 399 1629 insuper
409 1558 501 1614 tuundi
509 1573 593 1628 opera
606 1557 703 1614 adesse
715 1557 792 1612 nobis
804 1555 830 1611 in
842 1556 963 1611 testimo·

159 1650 237 1707 nium
251 1657 373 1721 possent,
391 1665 425 1707 oe
438 1649 576 1721 ambigere
586 1649 620 1706 de
637 1649 682 1706 [lei
693 1649 776 1706 rebus
786 1662 867 1718 atque
879 1647 962 1703 uirtu-

159 1745 234 1802 dhus
247 1745 286 1800 las
299 1743 484 1801 crederemus.
500 1742 554 1800 Sed
566 1744 592 1799 in
607 1744 694 1813 ipsam
708 1743 848 1798 ueritatem
864 1741 963 1797 inlide-

1013 549 1098 602 mus,
1124 542 1331 591 concuteremus
1353 534 1525 592 fundamenta
1553 545 1643 603 terreo,
1667 547 1695 592 et
1718 536 1815 592 totoin

1013 626 1072 682 bare
1097 641 1180 697 opera
1206 627 1252 681 liei
1272 627 1418 697 parricidio
1435 627 1639 684 desaeviremus.
1654 627 1709 685 Sed
1734 628 1815 697 bene,

1013 720 1085 792 qnod
1109 735 1158 775 nos
1176 720 1246 777 intra
1272 720 1343 778 banc
1358 722 1497 778 modestiae
1515 724 1705 779 trecessitatem
1722 730 1815 780 natura

1013 832 1157 888 corporum
1174 816 1286 874 detinet.
1304 816 1385 873 Certe
1398 834 1451 874 non
1466 818 1596 884 fallimus,
1612 818 1687 890 quid,
1703 820 1725 874 si
1747 820 1815 876 iice-

1013 920 1067 976 ret,
1077 925 1199 967 essemus
1214 910 1254 983 (ii
1271 909 1376 967 lauari.
1394 911 1515 983 musque
1529 911 1569 984 (d)
1580 911 1641 982 quia
1657 927 1814 983 possumus.

1014 1003 1133 1074 profanae
1147 1003 1293 1057 utituntatis
1307 1003 1417 1058 ousiosis
1432 1013 1554 1059 naturam
1568 1005 1691 1060 ueritatis
1704 1003 1815 1060 conrel-

1013 1096 1104 1163 limus,
1117 1103 1145 1150 et
1154 1094 1254 1150 bellurn
1265 1094 1344 1151 dietis
1357 1095 1403 1151 [lei
1418 1109 1616 1166 comparamus.

1049 1188 1096 1245 Ὦ.
1111 1188 1231 1244 Christus
1238 1186 1343 1243 Patrem
1349 1189 1422 1243 nobis
1433 1190 1606 1260 montiseston’t
1614 1199 1641 1243 ttt
1650 1197 1758 1257 putrent,
1764 1204 1815 1243 non

1013 1292 1041 1337 nt
1054 1281 1329 1337 creatorem-Filius
1340 1282 1424 1337 dixit:
1441 1280 1532 1349 Peter,
1548 1281 1815 1353 promptuariorum

1014 1385 1086 1431 luunt
1100 1374 1340 1450 tumoribusldoon.
1363 1393 1428 1437 χιιι.
1445 1378 1484 1445 iii.
1501 1374 1572 1444 Quid
1586 1377 1621 1430 ad
1642 1376 1699 1431 ltaee
1714 1376 1815 1430 caium·

1014 1468 1124 1523 niamur
1136 1469 1148 1520 i
1158 1467 1223 1537 quid
1239 1468 1412 1522 astruamus?
1427 1467 1534 1523 Patrem
1551 1474 1578 1522 tu
1593 1465 1699 1537 uegssl
1715 1464 1751 1538 (c)
1765 1466 1814 1521 dt-

1014 1561 1078 1631 quin
1092 1559 1144 1616 boe
1158 1560 1303 1615 roaximum
1318 1575 1389 1630 opus
1400 1560 1462 1615 Filii
1476 1559 1536 1628 luit,
1550 1569 1579 1614 ut
1594 1559 1702 1615 Patrem
1715 1573 1817 1630 cogno·

1014 1666 1162 1707 soeremus.
1177 1651 1265 1723 Negas
1289 1652 1377 1722 plane,
1392 1651 1500 1721 ouatrdo
1513 1649 1662 1707 secuudum
1685 1636 1712 1707 te
1732 1649 1816 1706 iilius

1015 1760 1069 1801 nou
1080 1758 1113 1800 ex
1128 1758 1161 1799 eo
1176 1753 1321 1799 natusest.
1336 1742 1372 1815 (t)
1391 1743 1425 1798 Et
1443 1759 1492 1799 cnr
1508 1743 1579 1799 iilius
1593 1743 1711 1809 dicetur,
1728 1744 1816 1799 iactus

157 1838 330 1896 litasnostra
359 1838 504 1908 procurrit,
532 1837 683 1894 etviolenti
716 1837 744 1891 in
763 1835 896 1891 excidium
915 1836 961 1892 Dei
978 1836 1592 1911 gprovolttntatequasirateraliidrairari
1609 1838 1693 1894 ileum
1706 1852 1815 1907 possum

157 1932 301 2003 potestatis
316 1930 501 2000 irrumpimus.
515 1929 543 1985 Si
558 1930 662 1995 liceret,
676 1942 790 1998 corpora
812 1936 841 1982 et
863 1942 958 1983 titanus
1013 1930 1183 1985 conditorem
1197 1927 1254 2001 64
1268 1928 1359 1983 mundi
1372 1928 1510 1985 Christum
1524 1938 1677 1985 ereantetu:
1692 1937 1720 1985 et
1731 1928 1814 2000 digna

156 2024 191 2079 ad
218 2025 319 2081 eoeium
342 2024 523 2089 elevaremus,
545 2022 631 2078 solem
655 2030 784 2091 astraque
798 2029 895 2074 cetera
908 2036 958 2075 an-
1014 2022 1164 2079 Iieotirtus
1179 2034 1231 2087 est,
1243 2033 1272 2077 ut
1283 2021 1440 2077 cuntorum
1456 2022 1680 2092 archangelorum
1693 2030 1721 2077 er
1734 2035 1817 2091 auge-

156 2118 220 2173 uuis
228 2116 266 2190 (b)
273 2132 370 2173 cursus
380 2117 422 2174 sui
432 2116 563 2172 limitibus
572 2115 803 2188 proturbaremus,
814 2114 961 2183 permisce·
1013 2116 1112 2185 iorum,
1128 2117 1276 2172 visibilium
1286 2125 1313 2171 et
1321 2114 1506 2181 invisibilium,
1520 2115 1581 2171 eoeli
1593 2123 1673 2186 atque
1683 2122 1773 2178 terrae,
1788 2122 1816 2169 et

156 2208 491 2267 remusdeeessusbeeani
503 2219 531 2263 et
542 2220 678 2269 accessus,
692 2203 793 2261 fluenta
805 2204 886 2261 etium
899 2202 961 2259 son·
1014 2210 1150 2268 uniuersus
1171 2208 1251 2280 nujus
1265 2209 1411 2266 creationis
1423 2207 1554 2265 effecerit.
1569 2207 1623 2264 Sed
1645 2220 1699 2264 unu
1720 2206 1765 2263 bie
1778 2206 1817 2262 la·

195 2344 238 2416 (li
249 2342 361 2399 Artori:
374 2357 436 2399 mox
454 2341 563 2415 prolerre
583 2355 633 2412 pro
653 2344 780 2413 profante.

158 2482 217 2539 suis
242 2481 318 2537 velut
345 2481 372 2536 in
397 2490 569 2538 attteeessum
604 2478 788 2543 relutatttrns,
814 2478 963 2535 natiuitatis
1015 2478 1070 2534 alio
1098 2478 1177 2535 ruodo
1204 2479 1292 2535 laetus
1312 2478 1393 2535 interit
1422 2479 1466 2535 ltic
1480 2480 1579 2537 Christi
1602 2481 1691 2551 januis
1716 2483 1817 2541 clausis

159 2553 287 2619 exemplo
310 2551 409 2607 lactum
437 2552 507 2607 idem
541 2551 693 2606 confirmat.
726 2548 832 2621 liupo,
862 2550 960 2619 turonia,
1015 2550 1393 2620 irtgressus:tprrttdioirrruar
1416 2552 1817 2624 ratitmisttaeplusaequocre·

160 2627 306 2693 papirium
327 2625 399 2692 uirgo
423 2624 562 2694 perntunsit
587 2640 595 2677 :
607 2624 664 2695 jum
691 2631 751 2675 tune
780 2617 906 2675 Dominus
918 2639 963 2691 pter
1014 2622 1142 2675 dotalibus
1155 2630 1233 2676 autor
1245 2622 1457 2690 ri=lettattrr.'patrt
1471 2639 1522 2676 ιιιιιι
1535 2625 1640 2677 ridetur
1651 2640 1813 2694 repugnare.

159 2695 227 2749 ostia
254 2694 343 2749 custo
368 2704 444 2749 notas
467 2702 515 2749 ot.
543 2694 577 2749 dt
600 2695 735 2762 uuomotln
750 2707 841 2746 rernm
861 2691 962 2748 Christi

159 2780 259 2835 eorpus
275 2765 505 2833 impenetrabilem
532 2764 663 2836 parietum
683 2778 715 2818 ae
737 2763 869 2833 tignorum
885 2774 964 2819 natu-

158 2854 218 2891 ram
232 2836 418 2891 transcurrit?
436 2838 589 2898 llespoudet
604 2836 650 2892 tibi
669 2835 795 2898 iliiarius,
814 2833 877 2890 laeti
891 2837 963 2890 vori-

159 2918 203 2962 tas
217 2923 251 2963 ex
267 2908 357 2964 uerbis
370 2907 533 2979 erarrgulicis
545 2916 661 2970 cotrstat,
674 2907 794 2976 tparamris
803 2907 899 2961 modus
915 2922 959 2961 ra-

159 2981 264 3034 tionem
292 2979 435 3034 humanam
465 2980 576 3035 ιιιιιιιίιιο
596 2977 699 3049 lugiet:
723 2977 770 3031 scd
792 2992 844 3032 iton
870 2979 959 3033 mitius

158 3060 269 3106 constat
284 3054 343 3120 plus
360 3052 442 3107 beutrt
461 3066 550 3119 posse,
566 3066 646 3120 arram
661 3050 748 3104 valeat
762 3048 877 3103 bumana
890 3049 960 3105 ratio

158 3137 269 3192 capere.
285 3122 376 3193 Netpue
397 3122 449 3177 alia
476 3132 518 3178 est
541 3122 682 3191 responsio
706 3120 860 3192 dugrrstini,
876 3138 960 3176 serto.

158 3209 279 3261 return,
296 3213 322 3249 u.
338 3196 366 3260 2,
378 3205 405 3249 et
418 3195 498 3260 epist.
513 3207 636 3255 staura,
654 3207 680 3247 n.
697 3191 863 3261 8.etCyritii
881 3196 958 3248 alca.

159 3265 207 3321 lib.
220 3283 270 3330 ιιι,
287 3266 314 3321 in
327 3265 404 3322 ioan.
422 3265 458 3320 tta
474 3276 583 3334 possent
598 3265 700 3320 absolvi
713 3265 804 3317 rrttaltse
817 3262 960 3318 dilllonlta·

1015 2693 1051 2747 lta
1069 2693 1150 2747 etiam
1173 2693 1227 2748 erit
1256 2692 1442 2762 fortasseque
1469 2696 1644 2758 ratiunculas,
1667 2708 1712 2748 ant
1727 2698 1816 2766 potius

1014 2765 1154 2825 tenebras.
1168 2765 1267 2831 quibus
1283 2764 1362 2818 iidem
1378 2763 1481 2818 Cuitiui
1505 2765 1631 2835 discipuli
1651 2770 1773 2836 stuporis
1787 2779 1817 2824 et

1014 2834 1154 2905 sangoinis
1169 2834 1267 2890 Christi
1282 2834 1308 2888 in
1336 2833 1514 2889 Errebaristiae
1534 2844 1704 2891 sacramento
1717 2839 1817 2894 scrita·

1015 2914 1070 2961 tem
1084 2905 1231 2961 obscurare
1255 2920 1285 2960 so
1311 2915 1417 2977 putant.
1442 2906 1567 2976 depellet.
1586 2907 1680 2962 Tutius
1706 2910 1813 2965 interim

1013 2976 1067 3032 erit
1084 2992 1146 3031 etun
1162 2986 1217 3033 tota
1231 2976 1348 3032 Ecclesia
1365 2977 1426 3031 lacti
1447 2980 1589 3034 ueritatem
1605 2989 1708 3044 tenere,
1720 2996 1812 3051 quata-

1014 3049 1056 3103 tis
1068 3049 1196 3116 ratiooua
1210 3048 1235 3104 id
1249 3050 1296 3103 tiat
1306 3049 1453 3119 ignoretur.

1050 3117 1091 3190 (a)
1102 3119 1141 3175 ita
1152 3120 1230 3186 Bad,
1246 3121 1291 3176 Er.
1303 3134 1331 3175 et
1347 3137 1412 3175 nass.
1426 3138 1474 3175 nce
1489 3131 1545 3176 etat
1556 3137 1604 3177 cur
1615 3121 1721 3194 Lipsius
1734 3140 1813 3195 repo·

1014 3201 1101 3258 neret,
1117 3193 1186 3259 p'iiua
1200 3188 1270 3246 Deus
1284 3201 1358 3245 nulus
1378 3194 1420 3245 rit.

1051 3262 1089 3336 (i)
1101 3262 1182 3322 eoin,
1199 3263 1280 3317 unani
1300 3279 1392 3317 cursus
1412 3264 1453 3317 sui
1473 3262 1605 3317 limitibus
1621 3262 1701 3319 ictus
1729 3266 1814 3322 codex

159 3348 222 3402 tes,
246 3354 315 3408 spiras
337 3340 407 3394 eirca
435 3347 637 3391 sacrosanctum
668 3335 843 3391 bucrraristie
866 3351 958 3391 saera·
1014 3333 1092 3388 Cotb.
1125 3351 1208 3389 aanor
1234 3350 1325 3389 currus
1350 3333 1734 3391 strislintitr'bua.AlirtsColb.
1751 3352 1813 3392 curn

159 3419 281 3464 irretitum
294 3410 395 3462 Caluini
411 3410 518 3463 sectarii
542 3407 706 3478 excogitant.
720 3406 860 3474 Quorttodo
875 3423 958 3461 unum

158 3487 187 3532 cl
201 3479 273 3534 idern
289 3478 391 3535 corno
416 3494 517 3548 eortius
541 3480 566 3532 in
586 3482 656 3535 eoelo
679 3489 707 3533 et
731 3481 756 3532 in
771 3488 853 3543 terra,
869 3489 895 3530 et
907 3478 960 3534 alia

160 3550 335 3620 hujusmodi?
346 3550 406 3606 Noli
430 3551 563 3605 sollicitus
585 3566 646 3604 esso
656 3549 690 3604 de
705 3549 785 3602 morlo
797 3565 805 3611 ;
819 3565 880 3604 cum
897 3558 958 3603 tan-

160 3631 217 3675 turn
242 3634 268 3678 te
296 3633 399 3677 eertum
421 3622 539 3677 soluerit
557 3621 682 3677 Christus
710 3621 745 3675 de
765 3619 847 3675 laeto.
873 3620 960 3675 Erunt

158 3692 240 3759 ior-te,
254 3694 299 3762 uui
324 3694 405 3750 etiarn
428 3694 523 3749 tttotlos
546 3693 719 3759 eturtioaltuot
734 3701 778 3746 :ut
802 3692 882 3746 modo
905 3705 958 3746 non

158 3764 254 3819 desunt
272 3765 433 3834 ptritosoplo,
451 3767 495 3833 uni
513 3763 584 3819 irurtc
599 3762 701 3816 bortrini
715 3763 747 3817 ad
759 3763 906 3833 discipulos
917 3765 959 3829 ja-

157 3835 335 3891 ausciensis
349 3847 376 3889 tat
400 3836 476 3890 ιιιιΙΙο
492 3845 571 3904 praeto
592 3836 694 3906 apertis
708 3836 858 3904 ingressum
871 3834 957 3903 expli-

156 3922 220 3962 care
234 3923 265 3962 st·
277 3918 380 3974 putam.
397 3906 463 3962 Cum
479 3908 562 3973 etaim,
581 3908 715 3970 inuniunt,
731 3910 901 3959 conservatio
924 3906 958 3960 sit

156 3978 313 4033 mortuone
328 3980 439 4044 creatio,
456 3990 508 4033 tam
525 3977 602 4033 iaoile
615 3978 663 4031 luit
676 3978 729 4030 lico
742 3977 865 4044 corporis
877 3975 957 4031 Cbri-

157 4052 190 4104 ὅτι
202 4053 368 4104 cruatiotturtr
384 4051 503 4104 inauratis
526 4049 686 4118 errtpuribus
710 4047 880 4101 intermediis
892 4063 958 4102 etta·

157 4123 264 4174 ttousrc
276 4124 302 4176 in
315 4123 423 4176 detenti
452 4122 522 4184 ioco,
536 4136 617 4191 qurum
632 4119 658 4174 in
680 4118 823 4187 proaimo;
838 4119 899 4172 lieet
912 4133 956 4173 se·

156 4195 274 4247 crtarlnnr
297 4208 457 4248 eatrnutunes
472 4207 574 4247 tratura·
599 4192 682 4261 teges,
695 4204 747 4243 ιιιιιι
763 4189 903 4244 carratiuuet
918 4191 958 4243 ul·

156 4263 210 4318 lius
225 4266 348 4333 corporis
369 4264 544 4321 creationem.
563 4264 612 4316 nisi
641 4273 687 4315 aut
710 4259 736 4314 itt
759 4261 854 4315 eorlem
869 4268 912 4314 aut
930 4260 956 4314 in

157 4336 283 4404 prasiana
299 4337 368 4401 torro,
392 4347 418 4390 et
446 4350 479 4390 eo
493 4334 601 4407 quaidetn
625 4347 750 4398 ettrpore,
771 4331 842 4402 quod
863 4332 887 4383 in
911 4331 957 4387 ilio

156 4408 358 4467 continebatur,
376 4406 450 4476 purius
473 4422 551 4461 estro
573 4407 625 4459 situ
649 4402 774 4470 depulso.
789 4407 842 4456 beo
856 4402 955 4472 tpttippe

155 4476 316 4532 iatrillitnont
334 4479 391 4545 latit,
407 4489 436 4532 ut
458 4493 567 4546 curtius,
582 4476 653 4548 qrttul
676 4490 729 4530 uno
742 4474 873 4544 oerttporis
891 4474 957 4528 arti-

156 4546 341 4604 culoroicbat
365 4565 427 4603 esse
455 4557 529 4603 ostra
553 4549 721 4609 cubiculum,
745 4561 796 4615 utra
820 4545 957 4599 uolttotate

155 4631 235 4674 cntra
250 4621 404 4675 cttbionlnm
418 4620 572 4684 creabatur,
586 4620 759 4684 strbseuuemi
774 4617 956 4671 voluteritesse

155 4690 226 4745 iratra
242 4692 408 4757 cuticulam,
421 4706 474 4757 tutto
495 4701 557 4744 actu
572 4697 751 4754 praemonst,
767 4687 859 4742 illaesis
874 4689 954 4741 etiam

974 3370 996 3430 C
1012 3403 1141 3470 sorbeo„
1152 3416 1175 3459 et
1190 3422 1290 3458 ortanus
1300 3421 1386 3457 eornm
1396 3422 1484 3459 rursus
1498 3408 1549 3460 suis
1563 3408 1697 3462 tinnitibus.
1710 3408 1812 3473 Lectio,

1012 3491 1094 3544 uttam
1121 3476 1288 3539 catilianum,
1315 3486 1357 3529 est
1388 3477 1580 3547 plerorumque
1608 3494 1672 3531 ross.
1701 3477 1811 3534 Cottler.

1011 3556 1090 3602 tract.
1109 3548 1176 3615 psai.
1192 3561 1301 3610 cassat,
1318 3562 1344 3600 ιι.
1372 3549 1416 3613 Η,
1431 3549 1476 3601 ubi
1493 3546 1611 3602 Hilarius
1636 3560 1814 3617 repraesentat

1010 3619 1218 3673 indemutabilem
1240 3621 1296 3672 ercli
1310 3617 1561 3686 pretiositatem
1585 3621 1679 3674 astruis
1694 3623 1812 3675 ruinius

1010 3688 1197 3761 indefessisque
1220 3690 1388 3756 moderatum,
1404 3691 1518 3760 uicesque
1528 3693 1590 3745 unni
1600 3692 1713 3758 destruitis
1723 3693 1812 3746 tintus·-

1010 3759 1057 3813 bus
1073 3769 1264 3833 repignerare-ru,
1280 3773 1335 3815 nte.

1048 3833 1086 3902 (e)
1102 3833 1159 3886 [lito
1170 3846 1234 3885 ross.
1250 3831 1328 3886 Catili.
1345 3845 1405 3885 rum
1425 3831 1531 3894 Geram,
1544 3840 1650 3885 tartaros
1664 3829 1808 3889 bominum.

1009 3901 1153 3957 inmediri
1168 3917 1231 3958 eum
1245 3902 1352 3957 duobus
1367 3918 1432 3956 ursa
1450 3903 1655 3962 recentioribus.
1668 3903 1813 3970 refrenaru-

1010 3990 1076 4039 nnts,
1092 3983 1118 4028 ot
1145 3976 1170 4029 itt
1194 3991 1247 4028 ιιιιο
1270 3973 1399 4027 mendose
1414 3971 1621 4038 reponerentur.
1639 3972 1810 4030 Praetutianus

1009 4060 1071 4099 eunt
1086 4047 1203 4104 eaterls.
1219 4044 1372 4112 referremus
1387 4042 1477 4113 :quiriti
1505 4045 1614 4099 rerltrtm
1639 4047 1723 4115 tnagis
1738 4046 1810 4102 titia-

1009 4118 1116 4169 riaoutn
1131 4124 1182 4178 est,
1196 4125 1224 4168 ut
1243 4115 1414 4169 obseruatum
1427 4125 1470 4170 est
1485 4116 1511 4169 in
1527 4115 1627 4170 Adtrot.
1641 4118 1667 4170 in
1680 4130 1721 4187 ps.
1735 4133 1807 4185 cttx,

1009 4188 1107 4242 note.

1047 4261 1085 4328 (et
1097 4256 1179 4316 Etliti.
1205 4258 1265 4327 quio
1280 4273 1330 4311 uon
1344 4274 1491 4329 possumus,
1509 4258 1597 4313 :ttirlita
1616 4259 1745 4327 particula
1760 4275 1809 4315 rte·

1008 4337 1195 4399 gunteruutrn
1222 4330 1301 4383 litletn
1329 4346 1394 4384 uns.
1411 4340 1437 4383 et
1462 4341 1578 4384 taretrteur
1609 4330 1711 4396 intorti,
1729 4331 1811 4386 exiis

1008 4417 1068 4469 qrtae
1083 4402 1327 4454 contraventurum
1339 4398 1440 4455 iacittrtt
1451 4400 1580 4462 baeretici,
1597 4404 1657 4470 uaria
1669 4403 1694 4455 itl
1711 4417 1758 4470 pro
1769 4401 1811 4456 in-

1008 4473 1080 4541 genii
1092 4473 1133 4524 sui
1144 4472 1268 4524 libertate
1278 4471 1471 4539 possessionis!
1484 4472 1602 4524 irruerent
1613 4481 1707 4526 eorrtra
1720 4489 1809 4527 rerunt

1008 4553 1131 4605 nutritas,
1149 4543 1171 4594 si
1186 4543 1287 4610 ptariter
1298 4556 1376 4611 posse
1387 4541 1478 4593 ‹latrun
1494 4545 1533 4594 eis
1548 4554 1628 4607 esset,
1645 4543 1808 4612 colligentis.

1047 4613 1083 4685 (e)
1100 4613 1136 4666 lla
1153 4613 1297 4665 setabitanus
1312 4614 1380 4665 tratre
1395 4626 1487 4664 tacent
1504 4610 1536 4665 uti
1563 4611 1742 4667 imitationem
1763 4629 1810 4668 se-

1009 4693 1096 4738 terum
1113 4684 1242 4738 libroruin
1260 4682 1348 4753 :qarod
1362 4690 1389 4736 ct
1407 4681 1476 4752 apud
1492 4681 1690 4738 Tertullianum
1705 4684 1811 4754 praesti·

155 4776 182 4814 et
194 4763 315 4817 inttnozis
329 4762 476 4834 parietibus
487 4778 518 4816 ao
532 4758 690 4826 brribtrs,sit
705 4761 772 4812 intro
788 4760 951 4812 cubiculum.
968 4760 996 4821 D
1009 4765 1064 4810 tutu
1076 4766 1127 4810 cst.

157 4832 193 4889 bo
210 4835 319 4900 quinium
335 4836 437 4889 ratione
450 4833 518 4888 vidit
534 4831 650 4886 llilurius
671 4830 769 4885 librili
794 4829 892 4884 itrelum
906 4845 955 4883 ex-

158 4908 251 4974 plicari
281 4905 501 4975 posessorio
523 4903 636 4958 ii'ntiere
657 4903 747 4956 solunt
760 4899 955 4968 phantasmata.

156 4977 255 5045 quibus
270 4980 392 5045 eurptrris
407 4980 473 5031 intra
489 4977 605 5045 parietes
623 4974 721 5028 ittnsus
736 4971 886 5041 ingrussum
908 4986 956 5024 cx·

156 5047 279 5116 regnare
305 5065 358 5101 ιιιιιι
385 5050 493 5110 sinitur,
508 5047 560 5101 nisi
577 5060 675 5114 corpus
691 5042 755 5096 iliud
784 5041 857 5111 ptrirts
878 5043 955 5094 cntra

156 5135 270 5186 prou-sm
284 5120 397 5181 :studeri
411 5135 442 5174 ae
455 5119 553 5174 deiude
569 5119 639 5173 intra
659 5116 693 5170 de
710 5127 778 5167 noto
801 5112 885 5167 creari
911 5126 958 5181 pu·

156 5201 247 5244 natur.
275 5189 352 5247 litatio
377 5199 468 5245 noster·
493 5189 609 5244 Hilarius
632 5187 685 5248 bic,
702 5182 801 5248 Corpora
822 5180 958 5236 Dominio

156 5279 210 5317 sese
226 5278 278 5315 uon
302 5261 399 5330 deficit,
413 5272 441 5315 ut
452 5276 506 5315 sese
528 5270 642 5314 resurttut
666 5273 699 5313 ea
724 5254 817 5311 ailtilo.
830 5251 957 5309 Αῑιιιιιιιιι

156 5347 256 5402 eorpus
271 5344 440 5398 tutamenta,
466 5347 498 5387 ae
525 5332 646 5399 potentiore
668 5339 728 5396 pust
742 5342 791 5395 per
804 5335 953 5390 credulem,

155 5415 202 5459 snt
217 5406 307 5474 potins
319 5417 535 5466 coinserurntem,
552 5402 599 5457 bct
618 5401 781 5455 saluritatem
799 5398 868 5452 iutra
882 5397 956 5452 (tarbi-

156 5477 246 5530 rulum
272 5492 286 5529 a
304 5490 365 5529 sese
393 5491 445 5529 non
463 5475 564 5537 delicit,
580 5487 639 5528 curn
662 5472 735 5526 ordio
751 5471 881 5537 temporis
896 5484 955 5522 mo·

156 5559 250 5604 merito
277 5548 411 5602 exsistere
435 5546 562 5603 destrunt:
583 5554 627 5598 aut
648 5554 760 5597 eatenus
774 5540 891 5596 delicere
904 5540 956 5595 dici

156 5630 249 5690 quaero,
266 5629 446 5686 ‹puatcnnsea
476 5628 569 5670 natura
594 5629 641 5669 sua
670 5612 771 5686 indiget
784 5622 814 5666 ut
837 5611 957 5680 ‹puolibet

156 5690 289 5758 tertnroris
315 5699 452 5746 pauimento
473 5699 601 5742 creetur:
619 5686 690 5739 sient
712 5701 759 5754 pm
780 5689 880 5736 titolum
903 5682 954 5736 dici

154 5762 239 5831 possit
256 5760 375 5815 deucere
391 5762 417 5815 itt
434 5761 493 5814 loct)
522 5761 548 5813 iu
568 5775 620 5830 utto
645 5772 697 5811 tren
714 5755 954 5825 arripiittsctealur,

152 5827 182 5886 ct
206 5833 295 5886 'curari
310 5836 337 5886 tn
354 5841 386 5887 co
401 5833 428 5886 in
444 5840 497 5902 ipro
521 5836 706 5884 conseruntur.
723 5821 786 5879 sne
807 5822 868 5888 lior,
897 5825 954 5876 sire

1044 4831 1078 4899 (p)
1095 4827 1122 4882 in
1137 4825 1299 4894 vulgatiora
1314 4823 1456 4892 etamplius
1479 4823 1581 4879 dicitur.
1599 4823 1719 4880 Subinde
1739 4825 1809 4895 apud

1007 4898 1081 4966 Lips.
1107 4897 1218 4967 prtiassic
1233 4907 1324 4950 coetero
1336 4911 1345 4961 ‚·
1358 4905 1383 4950 et
1403 4897 1473 4964 apud
1488 4895 1561 4953 Por..
1575 4897 1633 4964 uuio
1648 4898 1680 4949 sit
1694 4908 1785 4951 creteru
1800 4916 1806 4950 :

1011 4972 1092 5024 lertio
1107 4971 1264 5040 deprauata,
1278 4982 1357 5036 uttam
1372 4967 1522 5033 excipiebat
1538 4967 1633 5020 vitiosa
1649 4967 1808 5037 interpunc-

1009 5040 1059 5102 tio,
1074 5041 1142 5093 :tileo
1159 5053 1190 5093 nr
1213 5041 1362 5108 argrrrueuli
1378 5041 1416 5090 ris
1431 5039 1485 5108 jaan
1509 5037 1579 5090 tottila
1600 5053 1711 5106 prorsus
1723 5054 1808 5111 appa·

1011 5122 1092 5167 retnt.
1113 5111 1292 5164 Restauratnr
1318 5125 1368 5178 ope
1384 5124 1448 5163 arse.
1465 5108 1521 5163 linc
1542 5109 1614 5162 enim
1630 5108 1758 5174 sibinen,
1779 5117 1810 5164 ut

1011 5183 1055 5252 tpti
1073 5180 1168 5236 uatium
1186 5193 1345 5233 ‹uteros-rant
1373 5182 1459 5232 instar
1485 5193 1533 5249 pro
1556 5179 1693 5233 voluntate
1709 5181 1807 5236 laetum

1012 5257 1119 5309 asserit.
1135 5264 1210 5321 neget
1226 5267 1254 5302 ru
1270 5252 1325 5321 ipsa
1345 5251 1443 5313 blitum
1460 5252 1504 5320 qui
1519 5261 1597 5319 nugat
1612 5249 1720 5314 Falinnt,
1730 5263 1809 5323 neget

1013 5333 1039 5378 ut
1053 5323 1159 5377 Putreut
1173 5339 1180 5386 ;
1195 5323 1239 5391 opti
1262 5337 1328 5376 ueto
1345 5329 1424 5391 aregat
1444 5321 1561 5385 intr-eto,
1583 5333 1661 5391 turget
1685 5322 1710 5376 nl
1737 5325 1808 5394 qtttrtl

1013 5393 1134 5450 Christus
1149 5393 1191 5447 bic
1212 5393 1310 5446 docere
1333 5392 1448 5447 rnatxitne
1469 5394 1580 5446 striduit.
1596 5392 1652 5446 Nou
1668 5395 1740 5447 enim
1757 5395 1803 5448 ad·

1012 5467 1121 5521 modum
1135 5464 1159 5524 ei
1178 5478 1249 5517 carrae
1274 5463 1332 5526 luit,
1349 5469 1378 5517 nt
1390 5478 1451 5517 enm
1467 5465 1544 5515 nobis
1562 5466 1645 5517 iteum
1669 5477 1694 5519 et
1708 5465 1808 5520 Cirristi

1011 5538 1130 5592 omnium
1145 5532 1296 5588 eorrditoris
1308 5545 1459 5588 creatorem
1471 5534 1628 5599 irtouteoret,
1644 5551 1704 5590 oram
1718 5548 1808 5592 tamna

1012 5608 1074 5662 binc
1089 5607 1203 5661 multum
1218 5606 1288 5675 apud
1305 5619 1353 5658 tros
1374 5621 1435 5658 enm
1449 5606 1638 5658 commendare
1652 5616 1679 5661 et
1692 5609 1808 5661 attonita·

1012 5678 1111 5733 tiorum
1125 5676 1150 5731 ei
1170 5686 1289 5730 nostram
1306 5675 1425 5730 excitare
1441 5674 1588 5730 ualuisset:
1611 5677 1658 5731 sed
1675 5688 1704 5733 ut
1724 5681 1809 5733 trauai-

1009 5747 1124 5804 iestaret
1145 5763 1206 5803 enm
1224 5762 1315 5801 terrim
1328 5761 1388 5800 esse
1399 5755 1515 5816 patrem,
1526 5746 1571 5817 prii
1587 5761 1680 5803 uerum
1693 5746 1808 5806 baberet

1011 5817 1104 5874 lillnrn.
1121 5817 1178 5874 ttae
1191 5813 1291 5876 orarunt
1303 5830 1380 5888 opus,
1396 5819 1439 5872 itio
1450 5816 1524 5872 labor
1535 5824 1604 5872 cruta
